2792 4778
629 163 694 230 did

76 344 238 430 naturali,
260 363 303 410 ax
323 345 452 428 propriu
472 341 632 434 industria
663 343 818 427 veniens,
843 363 941 430 quarn
969 344 1122 432 designat
1143 348 1249 415 oleum

76 453 116 516 in
138 468 178 514 ea
198 455 370 531 crescens,
404 447 492 532 quod
514 457 566 512 est
591 450 820 514 nutrimentum
851 447 1023 534 luminum,
1059 462 1093 516 et
1107 455 1251 520 scientia

77 555 341 640 experimentali,
362 571 447 637 quae
468 553 501 616 in
520 552 725 636 lampadibus
747 552 957 618 eeclesiarum
980 554 1177 640 designatur.

165 660 224 725 1v.
246 659 388 722 Ratione
417 652 581 740 torrentis,
611 657 648 720 in
682 675 777 740 quem
809 658 1030 722 immunditiae
1062 679 1175 726 omnes
1208 661 1250 726 de

77 767 216 830 civitate
238 764 375 827 eductae
405 761 630 846 projiciuntur,
658 770 692 824 et
712 763 746 824 in
767 781 807 825 eo
838 773 1071 828 consumuntur
1091 775 1124 830 et
1145 766 1250 830 dedu-

77 879 216 936 cturtur:
240 877 275 933 ut
296 876 385 950 patet
411 866 465 931 sol.
477 866 548 930 150.
571 865 628 929 Sic
648 867 752 930 omnis
773 866 883 930 mundi
903 859 1249 954 immunditiasapieu-

79 979 131 1039 tia
153 973 412 1059 praedicatorum
433 970 572 1054 tollitur,
597 971 696 1040 Prov.
727 972 782 1036 18:
824 971 934 1055 alique
960 974 1118 1056 profunda
1147 977 1249 1040 verba

76 1099 124 1146 ex
144 1097 201 1146 ore
221 1079 296 1160 viri,
318 1082 352 1139 et
373 1084 499 1159 torrens
520 1075 704 1139 redundans
725 1076 799 1141 fons
816 1078 1006 1159 sapientiae.
1028 1078 1131 1165 Saepo
1152 1080 1248 1145 etiam

78 1186 253 1269 Scriptura
275 1191 402 1247 torrens
413 1179 618 1263 redundans,
633 1180 680 1247 ‚de
702 1178 766 1263 quo
788 1181 885 1244 debet
905 1181 1108 1265 praedicator
1126 1184 1247 1267 bibere,

72 1291 175 1374 juxta
196 1287 276 1352 illud
308 1286 447 1352 Psalmit
488 1283 529 1348 de
561 1293 702 1348 torrente
730 1287 763 1348 in
794 1287 849 1350 via
882 1287 969 1352 bibet
991 1297 1053 1352 eto.
1090 1297 1123 1351 et
1151 1288 1247 1356 illudt

76 1402 226 1460 torrente
246 1391 422 1477 voluptatis
433 1391 570 1472 potabis
592 1407 649 1453 eos
670 1397 740 1453 etc:

117 1552 124 1562 .
162 1500 217 1569 V..
228 1498 367 1562 Ratione
398 1494 582 1579 cedrorum,
621 1498 677 1578 qni
707 1495 799 1579 juxta
830 1503 1006 1561 torrentem
1044 1498 1245 1562 crescebant.

76 1604 180 1668 Cedri
212 1606 297 1666 enim
312 1591 453 1684 'sempor
483 1600 606 1683 virent,
638 1599 749 1664 celsae
790 1610 867 1664 sunt
904 1611 937 1665 et
969 1603 1090 1667 babent
1122 1603 1248 1686 lignum

74 1707 289 1794 imputribile·
329 1705 387 1784 Sic
406 1704 608 1788 praedicator
634 1706 733 1770 babet
753 1709 894 1772 virorem
924 1711 1102 1791 castitatis,
1137 1707 1248 1772 altitu-

76 1815 190 1880 dinem
218 1811 434 1896 paupertatis,
467 1819 500 1874 et
531 1811 815 1893 imputribilitatem
847 1793 1049 1876 obedientiae
1077 1813 1112 1875 iu
1145 1814 1248 1876 tribus

75 1922 179 1984 votis.
546 1936 553 1947 ·
734 1963 739 1972 -
823 1906 839 1925 ‘

165 2022 224 2092 Vl.
243 2019 384 2117 Ratibne
405 2021 488 2084 situs
509 2019 572 2082 loci
590 2020 739 2101 congruit
749 2003 1047 2102 praedicatoribus*
1078 2019 1142 2082 ldat
1161 2020 1246 2084 enim

75 2128 173 2192 locus
194 2125 228 2188 in
247 2125 350 2209 valle,
371 2134 406 2190 et
425 2133 517 2188 extre
538 2126 722 2208 civitatem,
743 2133 778 2187 et
799 2143 900 2210 prope
921 2125 1042 2189 urbem.
1071 2124 1130 2188 Sic
1149 2143 1248 2210 proe-¹

76 2234 241 2296 dicatores
272 2248 400 2313 semper
430 2227 549 2296 debent
578 2247 708 2294 manere
736 2231 770 2294 in
798 2230 887 2293 valle
918 2229 1125 2314 humilitatis,
1153 2240 1248 2294 extra

76 2338 192 2400 mundi
220 2335 404 2420 tumultum,
446 2353 546 2418 prope
562 2335 735 2418 homines,
775 2353 859 2420 quos
889 2335 1000 2400 verbis
1022 2342 1055 2396 et
1088 2333 1247 2418 exemplis

77 2441 265 2506 aedificent.
330 2517 333 2522 Ι
1239 2458 1247 2496 .-

165 2546 239 2610 Vll.
264 2544 406 2612 meme
434 2545 630 2630 asperitatis.
674 2545 736 2610 Est
758 2546 842 2609 enim
879 2544 971 2608 loeus
999 2540 1057 2606 ille
1077 2543 1112 2605 in
1133 2544 1247 2627 petris,

77 2654 182 2718 durus
204 2658 239 2714 et
260 2667 365 2732 asper.
387 2648 445 2712 Sic
465 2650 537 2712 vita
556 2649 789 2732 praedicatoris
800 2631 904 2713 ¹debet
925 2665 1000 2719 esse
1020 2649 1054 2712 in
1073 2651 1248 2732 asperitate

76 2767 115 2824 et
137 2756 281 2840 eorporis
302 2753 534 2838 castigatione,
556 2762 592 2820 ut
613 2757 648 2816 in
669 2757 860 2820 servitutem
882 2753 1063 2837 redigatur,
1084 2772 1127 2816 ne
1143 2753 1247 2837 torte,

76 2883 154 2928 eum
172 2861 245 2924 aliis
263 2857 532 2943 praedicaverint,
552 2860 616 2942 ipsi
637 2860 763 2944 reprobi
784 2860 980 2942 habeantur,
1002 2867 1039 2921 ut
1060 2858 1138 2924 lecit
1154 2859 1248 2942 Apo-

75 2965 185 3032 stolus
206 2964 234 3027 l.
258 2961 333 3026 Cor.
353 2961 385 3022 9.
659 3029 669 3042 ⁶
703 3037 705 3042 Ι

161 3069 250 3133 Vlll.
271 3067 382 3135 Locus
403 3073 455 3128 eat
475 3066 649 3151 solitarius,
670 3068 779 3135 studio
801 3080 833 3134 et
855 3067 1121 3154 contemplationi
1141 3078 1248 3154 aptus,

78 3191 165 3259 quae
186 3175 384 3238 conveniunt
409 3171 626 3254 praedicatori
654 3175 738 3237 bono
768 3185 802 3241 et
827 3174 915 3258 utili,
951 3182 984 3238 et
1012 3193 1076 3238 nou
1108 3175 1248 3238 beneio

78 3279 218 3344 tumultu
240 3287 388 3363 aguntur.

161 3385 219 3446 lx.
241 3384 422 3448 bonusest
437 3384 519 3450 satis
541 3391 649 3446 arctus
669 3390 703 3446 et
723 3382 874 3466 strictus,
896 3383 1074 3466 designans
1096 3391 1245 3466 mentem,

79 3488 354 3571 recollectionem,
376 3497 408 3550 et
430 3505 596 3552 recessum
619 3489 659 3552 ab
682 3489 930 3574 evagationibus
951 3489 1061 3552 variis.
1101 3518 1106 3524 ·

162 3593 204 3654 X.
227 3591 337 3655 Locus
358 3602 409 3657 est
430 3596 598 3676 proximus
626 3596 729 3658 monti
754 3594 882 3677 oliveti,
913 3595 1013 3657 monti
1047 3591 1246 3677 offmrsionis,

78 3705 112 3759 et
139 3697 239 3758 monti
267 3678 374 3780 Syon,
407 3707 439 3760 et
466 3698 546 3761 valli
575 3699 734 3783 Heunon,
766 3707 800 3762 et
830 3717 909 3782 agro
943 3697 1160 3765 Akeldamab.
1207 3701 1247 3762 lu

78 3801 197 3885 quibus
219 3809 348 3866 notatur
369 3802 502 3870 materia
519 3803 746 3888 praedicanda,
760 3813 796 3868 ut
816 3804 981 3886 praedicet
1001 3804 1057 3868 vel
1075 3803 1116 3868 de
1136 3814 1247 3869 monte

16 3929 61 3982 ,¹
79 3907 208 3990 oliveti,
242 3906 283 3969 de
312 3905 484 3970 virtutibus
491 3927 502 3989 3
536 3905 578 3970 de
615 3919 724 3972 monte
757 3907 964 3994 offensionis,
997 3907 1038 3972 de
1068 3909 1175 3993 vitiis}
1206 3909 1247 3973 de

78 4012 301 4096 Akeldamab,
334 4012 375 4075 de
402 4021 520 4096 morte,
554 4013 610 4077 val
642 4013 683 4076 de
708 4013 796 4076 valle
825 4017 981 4098 Heunon,
1020 4014 1061 4079 de
1089 4015 1248 4100 Gebenna

81 4127 232 4182 aeternae
253 4118 477 4194 damnationis.
522 4119 587 4182 Vel
610 4119 706 4183 debet
727 4118 915 4202 praedicare
935 4121 1097 4188 montibus
1119 4127 1153 4182 et
1172 4118 1246 4182 val-

80 4223 183 4307 libus,
205 4224 268 4289 boc
290 4233 351 4307 est,
371 4225 574 4309 sapientibus
595 4233 630 4290 et
651 4225 879 4310 insipientlbus
903 4224 1027 4290 debitor
1045 4243 1121 4290 esse
1139 4221 1246 4308 debet,
