2914 4850
66 399 151 464 Sic
172 415 253 483 ergo
277 416 402 480 omnes,
424 405 489 464 tam
511 401 672 483 peregrini
691 418 788 486 qnam
807 401 873 485 ulii,
893 399 1027 485 goliam
1044 405 1190 488 ingressi
1289 468 1294 477 ,

24 524 143 588 nusi,
181 511 215 566 et
247 513 317 567 erat
347 523 498 568 uumerus
528 509 804 588 peregrinantium
835 518 964 572 eentum
999 517 1033 572 et
1063 510 1187 592 decem,

26 614 153 674 nium
183 629 263 672 vero
291 610 453 674 hominum
473 614 508 672 iu
529 611 628 694 golda
646 599 752 676 simul
773 613 961 680 intrantium
981 611 1186 678 CCCXXX.

25 719 146 781 vatis
168 735 246 802 ergo
280 717 432 780 anchoris
464 725 496 778 et
526 717 612 780 velis
642 719 797 800 expansis
823 718 859 780 iu
895 721 1028 782 nomine
1055 720 1187 786 Domini

24 825 167 904 vigere
187 823 383 904 incepimus,
404 832 581 906 sequentes
605 830 749 902 ventum,
770 824 826 908 qui
847 825 929 886 satis
947 839 1086 906 prosper
1106 831 1187 902 erat,

28 973 40 1010 ,
85 926 189 1012 quod
223 929 258 988 in
281 926 407 992 duabus
434 929 522 994 horis
544 929 585 990 ab
619 931 705 994 omni
734 939 841 992 terrae
870 938 1007 1011 apeme
1028 929 1123 1010 ejecti
1151 929 1187 989 in

23 1054 95 1097 um
141 1033 275 1097 fuimus.
327 1033 405 1096 Nou
435 1041 544 1099 tamen
577 1035 633 1098 diu
662 1035 793 1098 duravss
823 1042 944 1096 ventos
971 1051 1125 1116 prosper,
1155 1041 1190 1094 et

24 1144 90 1204 tio
122 1137 182 1200 die
211 1137 254 1200 ad
284 1137 492 1222 Parentium,
535 1135 702 1202 civitatem
728 1137 892 1220 Histriae,
933 1157 1018 1222 qnae
1046 1147 1097 1202 est
1125 1155 1192 1200 uno

23 1249 81 1306 tio
127 1243 333 1324 Dalmatiae,
371 1243 596 1325 applicuimus,
645 1244 694 1304 lbi
728 1241 878 1306 homines
905 1251 1089 1308 terruerunt
1119 1261 1192 1323 noa

24 1359 163 1414 centes
193 1347 290 1411 uobis
326 1347 483 1410 terribilia
510 1348 552 1410 de
590 1349 720 1430 Tenuis,
756 1358 951 1431 quapropter
982 1368 1042 1432 per
1070 1347 1193 1432 aliquot

23 1474 69 1516 es
105 1454 163 1516 ibi
184 1453 385 1536 mansimus,
415 1454 492 1534 qudo
519 1451 667 1516 dixerant
691 1453 803 1535 uobis,
834 1453 921 1536 quod
950 1473 1023 1518 eum
1051 1471 1135 1536 pace
1155 1454 1191 1514 in

23 1577 196 1644 orcyram
230 1557 371 1620 insulam
393 1577 457 1620 non
477 1575 649 1641 possemus
670 1560 799 1640 vertite,
821 1577 881 1642 pro
900 1579 958 1641 eo,
990 1558 1079 1644 quod
1107 1560 1191 1622 turci

23 1683 115 1748 oque
151 1667 186 1726 in
220 1682 310 1726 mara
340 1663 541 1728 Adriaticum
573 1681 615 1743 so
646 1661 870 1748 diffudissent,
900 1673 935 1728 et
960 1683 1072 1747 omne,
1102 1661 1190 1748 quod

23 1776 215 1852 ocurreret,
236 1771 438 1852 captivarent
459 1779 492 1832 et
510 1769 700 1852 spoliarent.
727 1768 802 1833 Hoc
822 1777 932 1832 tamen
952 1789 1017 1832 non
1039 1769 1191 1832 obstante

34 1883 149 1958 portu
169 1873 225 1936 illo
247 1877 459 1956 recessimus,
482 1883 515 1936 et
535 1873 629 1936 tarda
647 1874 857 1954 navigatione
878 1884 954 1956 post
975 1875 1097 1958 aliquot
1119 1874 1192 1936 dies

23 1981 147 2042 adram
171 1979 362 2062 (Judaeum,
393 1974 494 2060 vulgo
514 1974 655 2060 Zaram)
677 1980 844 2044 civiutem
872 1979 1054 2043 Dalmatiae
1079 1980 1189 2062 appti-
1288 2032 1298 2045 .

25 2088 152 2153 rimus,
195 2085 321 2148 Audito
341 2093 458 2168 autem,
481 2084 569 2168 quod
589 2085 693 2166 pestis
711 2087 745 2146 in
768 2102 809 2144 ea
828 2091 992 2169 regnum,
1012 2088 1193 2148 avertimus

23 2209 60 2252 os
101 2191 203 2252 citius
231 2209 253 2254 a
279 2191 417 2252 civitate
443 2189 519 2271 illa,
551 2198 586 2252 et
617 2189 707 2252 lento
734 2190 946 2272 navigatione
973 2207 1015 2252 ac
1044 2188 1193 2252 taediosa

24 2297 250 2377 recessimus,
280 2304 315 2356 et
340 2295 499 2365 Lesinam
533 2295 700 2356 civitatem
734 2295 902 2378 venimus,
941 2295 1013 2378 nbi,
1046 2293 1122 2358 dum
1156 2298 1191 2357 in

23 2410 142 2464 ortum
173 2401 296 2462 intrare
316 2397 605 2482 vellemus,·v.enit
624 2407 745 2462 ventus
773 2400 896 2480 bouus,
919 2401 972 2462 cui
993 2399 1070 2462 vela
1099 2417 1195 2464 oom-
1272 2408 1298 2438 ⁶·

24 2509 182 2588 risimus,
229 2514 261 2567 et
293 2503 493 2568 dimitterttes
532 2503 687 2568 Lesinm
726 2503 854 2568 toruter
885 2507 1105 2586 proeesmmus
1134 2523 1195 2587 per
1237 2570 1244 2584 ,

23 2613 135 2696 liquot
158 2613 267 2674 horas.
310 2608 468 2673 Posthac
491 2611 630 2672 surrexit
653 2618 776 2672 ventus
792 2607 888 2676 nobis
908 2613 1040 2694 ponitus
1059 2610 1194 2692 inutilis,
1293 2593 1301 2607 '

23 2717 156 2780 tfacto
187 2716 298 2798 euripo
331 2713 506 2779 incidimus
525 2717 561 2778 in
589 2713 752 2800 quaedam
782 2715 928 2780 solitaria
959 2725 993 2780 et
1015 2718 1197 2799 asperrima

23 2839 79 2884 tca
102 2821 276 2902 croatiae,
298 2828 332 2883 et
351 2823 457 2884 eoacti
478 2822 619 2906 fuimus,
649 2833 778 2906 portum
801 2824 965 2888 desertum
997 2831 1129 2906 petere,
1161 2829 1196 2882 et
1271 2860 1277 2875 ·

23 2926 85 2989 tela
112 2927 281 2991 remittere
310 2928 397 2990 inter
418 2927 487 2998 alta
516 2937 674 2992 montana
694 2929 880 3012 scopulosa.
921 2927 977 2991 Ad
1004 2925 1193 3010 fugiendum

24 3040 120 3096 ntem
156 3031 299 3097 twdium
329 3031 563 3100 descendimus
584 3035 627 3096 in
642 3034 776 3116 scaphis
805 3033 847 3096 od
873 3043 1002 3098 terram.
1042 3033 1086 3094 llt
1105 3049 1195 3112 ecce,

23 3136 191 3201 ieiunetus
233 3155 337 3222 unus,
368 3156 466 3221 quent
497 3157 587 3202 mare
620 3137 779 3222 ejecerat,
808 3139 913 3222 pouit
940 3139 987 3202 iii
1007 3141 1043 3200 in
1067 3135 1195 3216 uenio,
1241 3160 1248 3192 :

23 3243 145 3307 ueiens
175 3242 356 3326 putredine.
403 3241 563 3308 Galeotae
589 3253 715 3327 numm,
745 3247 832 3308 sicut
864 3251 943 3306 sunt
967 3243 1196 3326 superstitiosi,

25 3351 117 3411 erriti
150 3347 197 3416 ad
229 3349 346 3414 mortui
376 3349 596 3422 inventionem
620 3351 811 3434 praedicere
840 3347 928 3410 malo
959 3349 1068 3410 futura
1101 3345 1197 3406 nobis
1265 3359 1287 3378 ··

23 3463 211 3535 coeperunt,
235 3463 269 3516 et
291 3452 423 3536 lougius
445 3471 467 3516 a
483 3472 623 3538 corpore
637 3455 694 3518 illo
717 3473 780 3518 nos
797 3451 1011 3533 abduxerunt,
1033 3467 1095 3512 neo
1117 3455 1196 3530 erat,
1241 3491 1251 3514 .

23 3560 70 3637 uui
89 3561 303 3622 miseremur
332 3568 462 3622 mortuo
480 3569 513 3622 et
539 3561 737 3642 sepulturam
765 3565 966 3642 praestaret,
987 3563 1019 3617 et
1040 3555 1141 3637 forte,
1168 3557 1198 3615 si
1241 3634 1246 3643 .

23 3663 93 3740 quis
122 3683 198 3728 eum
230 3663 445 3746 sepelivisset
476 3667 583 3746 ipsum
618 3683 737 3747 corpus
771 3673 933 3728 montrum
971 3660 1055 3724 bona
1089 3661 1198 3724 futura
1287 3722 1299 3743 ⁶

23 3770 274 3844 pronuntiasset.
320 3769 413 3834 Sicut
434 3769 575 3854 legimus
603 3769 646 3832 de
672 3767 839 3832 Simonide
865 3765 1057 3850 philosopho
1084 3750 1218 3848 Poeta,

23 3878 58 3930 ut
85 3881 196 3936 narrat
227 3869 381 3937 Valerius
408 3875 575 3939 Maximus
602 3875 641 3936 u.
671 3875 702 3944 1.
732 3873 771 3937 C.
796 3875 874 3938 Vll.
911 3871 1049 3953 exempl.
1078 3871 1116 3953 8,
1144 3871 1199 3954 qui

24 3993 111 4038 mare
132 3980 361 4062 navigasset
383 3979 460 4042 litus
482 3988 615 4063 petens,
627 3961 761 4044 'invenit
782 3988 943 4043 munuum
964 3991 1082 4058 corpus
1101 3975 1201 4038 inhn-

28 4090 163 4170 matum,
187 4093 221 4148 et
240 4086 350 4148 statim
370 4084 593 4148 misericordia
614 4091 720 4147 motus
742 4085 906 4169 sepelivit,
929 4090 963 4144 et
983 4080 1058 4142 dum
1080 4095 1201 4162 eorpus

33 4186 213 4272 evolveret,
254 4190 444 4254 mittendum
476 4190 511 4252 iu
542 4189 682 4272 fossam,
725 4209 841 4254 vocem
875 4185 983 4250 emisit
1016 4184 1201 4267 detirnctns,
1261 4236 1268 4246 .

31 4291 208 4365 prohibens
222 4309 320 4364 suum
342 4295 603 4375 benefactorem,
625 4311 667 4354 ne
687 4295 831 4358 crastina
852 4291 907 4354 die
928 4307 1002 4442 corp
1024 4290 1107 4372 aliis,
1128 4307 1201 4352 com
1233 4294 1258 4391 Ἰ
