2792 4778
694 175 783 239 -too

172 366 400 424 consumtum
421 353 795 448 luissathoncodidioi
812 353 1026 437 experientia,
1047 353 1237 438 qoodoihil
1261 353 1345 417 aliud

172 472 233 547 ast,
255 479 350 546 quam
370 461 484 526 homor
503 461 544 524 do
569 478 649 543 rupe
670 460 882 529 subterranea
904 459 1043 527 stillam.
1087 461 1124 524 la
1143 479 1221 524 moa
1241 461 1346 544 prim

173 566 431 650 peregrinatione
451 563 519 628 vidi
539 581 667 652 rapam,
689 563 748 625 sad
770 565 803 625 in
826 564 976 660 scouttda
1006 564 1138 628 tuerint
1171 565 1285 627 trabes
1314 573 1344 625 at

172 671 275 736 trunci
297 671 331 735 iu
353 682 487 754 specum
510 667 632 731 inducti
654 677 685 729 et
707 665 772 730 loci
795 667 943 732 alteratio
966 662 1061 732 lac‘ta.

145 787 150 794 '
260 776 358 838 Absit
388 783 541 836 tamena
574 789 636 855 mc,
667 780 704 834 ut
735 792 794 855 per
821 773 884 836 hoo
912 774 1032 837 dictum
1064 771 1185 855 aliquid
1217 771 1344 835 domam

172 881 314 962 honoris,
335 878 440 944 laudis
462 885 497 940 ct
510 875 702 940 reverentia
713 877 921 941 beatissimae
940 877 1226 968 Virgiuilllariao.
1260 875 1346 938 Pos-

175 985 269 1048 sibila
291 986 375 1046 enim
398 991 460 1065 ost,
482 979 613 1044 aliunde
635 980 687 1042 lac
707 991 933 1052 conservatum
956 1000 1047 1065 csse,
1072 981 1128 1045 vol
1152 980 1347 1042 miraculoso

174 1090 271 1154 alicui
302 1089 429 1168 datum,
460 1086 516 1149 vol
533 1085 628 1170 quod
650 1105 747 1169 rupes
769 1076 967 1170 praedicta,
986 1096 1086 1170 super
1118 1102 1214 1168 quam
1247 1084 1345 1146 lactis

61 1247 66 1252 .
173 1203 266 1278 gotta
286 1181 430 1256 cecidiso
451 1188 577 1274 dicitur,
600 1191 752 1255 virtutem
774 1193 902 1275 accepit
923 1194 964 1254 ab
984 1191 1043 1258 illa
1063 1189 1203 1256 coelesti
1218 1171 1347 1272 guttula

174 1299 280 1381 lactis,
302 1295 387 1380 qood
409 1313 538 1378 semper
559 1296 611 1357 lac
630 1295 740 1358 stillat.
783 1295 869 1358 Nam
892 1298 922 1358 si
951 1306 994 1358 ox
1022 1299 1132 1358 tumba
1163 1310 1349 1358 marmorea

176 1392 268 1468 baati'
281 1400 422 1484 Nicolai,
443 1409 476 1463 ct
498 1400 540 1463 dc
560 1400 682 1464 tumulo
704 1399 753 1463 St.
775 1388 1048 1483 Waldbu'rgi's'in
1070 1400 1217 1463 Cistania
1239 1399 1348 1462 oleum

175 1512 378 1572 moessantcr
399 1505 543 1608 resudat,
564 1514 598 1568 ut
620 1506 685 1569 hoc
698 1505 787 1568 lacto
802 1506 961 1593 Dominus
973 1501 1349 1589 quandam'singularam

176 1609 429 1676 excellentiam'
417 1627 453 1671 ιιι
475 1609 546 1687 suis
568 1609 700 1673 Sanctis
721 1611 896 1675 ostendat:
931 1610 1009 1695 quid
1037 1612 1171 1693 mirum,
1203 1611 1234 1670 si
1255 1617 1349 1694 patra

171 1710 232 1778 itta
251 1715 304 1779 lac
324 1713 441 1795 stillat,
462 1722 498 1776 ut
518 1714 551 1775 ιιι
573 1732 613 1777 ao
636 1715 748 1778 matris
771 1733 852 1779 suaa
874 1713 1064 1832 dignitatem
1086 1723 1121 1777 ot
1138 1702 1349 1796 praecollon·

178 1821 254 1884 tiam
282 1811 496 1883 manifestet?

236 1924 326 1991 [tac
337 1923 485 2006 Virginis
512 1922 773 2005 gloriosissimas
788 1902 1064 1990 virtuosinimum
1085 1929 1147 2006 ast,
1168 1925 1287 2006 utpote
1308 1921 1350 1987 do

175 2029 265 2094 coelo
289 2045 433 2092 mutuans.
487 2025 545 2092 Sia
567 2027 651 2090 onim
672 2029 760 2090 canit
788 2027 948 2092 ccclesia:
976 2028 1056 2092 Sola
1079 2031 1175 2110 virgo
1202 2027 1350 2090 lactabat

175 2133 274 2196 ubera
295 2133 336 2195 do
357 2132 449 2196 coslo
471 2131 575 2215 pleno.
619 2133 662 2194 nt
684 2131 757 2213 quis
783 2131 987 2198 dulcadhtam
1007 2133 1214 2201 illius.lactis
1235 2139 1350 2215 potest

178 2233 388 2321 exprimere?
411 2235 595 2320 Numquam
619 2238 680 2304 tuit
698 2237 808 2320 aliqua
829 2246 940 2320 mater,
962 2244 1059 2321 quaa'
1074 2238 1126 2302 lac
1154 2246 1219 2300 tam
1243 2254 1350 2320 sapo-

176 2356 285 2402 rosum
317 2341 513 2411 mouistaarct
542 2341 704 2423 filiosuo,
737 2343 822 2405 sicut
850 2351 961 2426 matos,
987 2335 1091 2425 Virgo
1111 2343 1204 2407 cuius
1226 2359 1349 2406 nomon

177 2452 243 2528 ast,
274 2445 349 2528 quia
370 2446 421 2509 lac
442 2445 588 2512 aliamm.
606 2447 774 2510 mulierum
796 2448 931 2510 multum
951 2447 1051 2512 habat
1076 2447 1293 2530 impunitatis,
1317 2456 1350 2510 ct

177 2551 224 2612 ita
244 2568 309 2612 nou
331 2559 438 2632 potest
469 2551 616 2615 asscita
645 2553 756 2635 magni
771 2553 931 2634 saporis:
965 2550 1017 2616 lac
1048 2559 1158 2616 autum
1195 2552 1349 2640 Virginis

176 2653 302 2716 Marisa
331 2655 463 2718 sic'fuit
493 2656 658 2740 aspiritu
690 2649 806 2720 sancto
834 2654 1034 2738 depuratum,
1064 2667 1097 2720 at
1129 2657 1349 2741 purificatum,

177 2757 263 2841 quod
295 2759 415 2822 factum
452 2761 513 2823 fuit
547 2762 856 2844 dulcissimum‚·at
874 2762 1023 2825 ⁴nimiunn
1060 2779 1273 2846 saporosum3
1316 2769 1351 2824 ot

178 2863 256 2946 quia
287 2863 347 2928 fuit
378 2867 494 2948 optimi·
518 2867 661 2948 saumis,
692 2865 752 2928 init
784 2871 826 2928 atu
853 2867 1069 2950 consequenti
1095 2867 1207 2950 optimi
1231 2866 1351 2928 ἰιιιιιι-

179 2967 291 3035 mcnti.
332 2967 384 3030 lla
398 2967 481 3034 *ist‘o
510 2969 595 3033 lacta
626 2970 702 3034 dicit
743 2971 952 3038 Ansolmusz‘
974 2971 1078 3034 [tacta
1104 2973 1209 3036 Maria
1248 2987 1352 3037 maa-

167 3075 281 3144 'torcm
307 3077 419 3157 tuum,
452 3088 574 3156 panotn
599 3075 700 3158 coeli,
728 3077 868 3158 pretium
893 3066 1020 3158 mundi,
1051 3077 1171 3159 praoba
1191 3075 1350 3138 lambenti
1376 3103 1377 3106 ¹

176 3176 404 3262 mammillam,
440 3187 477 3242 ut
512 3177 571 3242 illo
601 3199 660 3262 pro
694 3186 730 3242 to
758 3181 950 3265 percutienti
981 3185 1134 3264 praebeat
1167 3179 1348 3246 maxillam.

177 3279 236 3346 Sic
267 3283 350 3346 anim
385 3283 437 3346 loo
469 3279 549 3346 illud
566 3301 715 3365 mucram
747 3283 863 3348 Jcsum
885 3282 1054 3348 roboravil'
1069 3291 1103 3347 et
1132 3284 1349 3365 consonavit,

177 3396 213 3452 ut
238 3389 460 3452 amarissimae
491 3388 655 3471 passionis
682 3388 768 3452 calix
794 3389 858 3452 sibi
885 3388 993 3452 dolon
1029 3378 1135 3473 ossat',
1156 3399 1190 3452 ot
1214 3405 1349 3452 omnem

176 3492 324 3574 injuriam
358 3508 392 3555 a·
422 3492 515 3559 uobis
545 3492 685 3556 illatam·
708 3491 847 3556 faciliter
863 3489 1065 3557 'condonata
1081 3501 1220 3578 ·possat.
1290 3492 1349 3556 Ad

177 3605 308 3678 gustum
335 3595 434 3678 huius
468 3596 649 3660 dulcissimi
679 3595 773 3669 lactis
805 3597 968 3661 admissus
983 3598 1060 3662 tuit
1091 3597 1140 3661 St
1175 3591 1349 3660 Bambal-

178 3700 261 3783 dus,
290 3700 386 3783 cujus
420 3699 594 3768 dulcedine
623 3699 759 3766 allectus
793 3705 902 3766 omnia
927 3702 1024 3786 liujus
1056 3701 1167 3766 mundi
1199 3699 1242 3763 da
1270 3709 1350 3784 post

177 3805 241 3869 sibi
262 3823 373 3870 amara
401 3805 700 3870 videbantur.1u
731 3805 794 3872 hac
822 3823 900 3890 argo
925 3808 1097 3872 tenentoso
1124 3803 1324 3889 spelunca
1314 3823 1350 3868 ιιι

179 3909 326 3974 orations
348 3911 579 3994 procubuimus
600 3917 634 3974 ct
654 3928 714 3992 pro
737 3917 837 3992 gustu
856 3911 1047 4052 lucidissimi
1067 3913 1163 3977 lactis
1173 3910 1348 3994 Virginem

175 4014 543 4098 rogavimus..
913 4040 932 4055 ¹
