2780 4776
679 143 743 210 884

131 343 216 410 quae
237 325 325 397 ducit
344 323 552 408 Βοιιιιιίιιιι,
582 323 801 389 osceudimns
844 323 907 390 Per
927 325 1118 396 hancenias
1138 329 1229 396 riam
1249 349 1303 394 or-

130 428 274 494 cendoat
293 429 501 513 Bethaniam,
522 429 578 513 qui
598 448 657 511 par
674 413 799 513 portam
820 429 858 492 S.
879 430 1100 520 stephanide
1118 435 1304 501 Jerrrsalem

130 533 206 598 illuc
225 546 363 618 pergere
386 533 509 598 volunt.
550 532 628 596 Alia
644 542 698 606 ,est
717 542 825 597 autem
846 535 912 617 via,
929 525 1075 644 qpue‘s
1077 547 1191 607 monte
1212 539 1304 624 Syon

130 637 218 702 ducit
249 638 451 721 Bermion,
475 645 510 700 ot
530 637 643 700 eadem
665 637 848 705 dividitur·
837 657 871 702 m
893 641 1116 724 apposueram
1113 648 1149 706 et
1169 644 1306 710 inferio-

130 761 196 809 rorn
207 788 219 828 ,
251 752 287 808 ut
305 761 366 808 suo
392 742 465 808 loco
482 743 617 827 patebit
658 741 826 816 Perillam
847 750 956 806 cutem
977 747 1064 812 ιίιιι
1085 748 1305 838 ascendimus,

129 865 188 932 per
214 865 318 932 qurum
337 845 535 922 Dominus
525 867 560 912 m
586 847 639 910 die
668 847 870 930 palmarum
877 847 1046 925 descendit
1066 851 1100 916 lu
1121 853 1226 916 asino.
1269 855 1306 916 ln

128 952 201 1035 ipso
229 959 338 1016 autom
360 970 501 1018 ascensu
528 954 679 1036 venimus
699 952 742 1015 ad
763 952 899 1016 locum
890 973 924 1022 nr
947 961 1059 1038 strato²
1080 957 1134 1022 nbi
1154 958 1282 1040 petra
1273 977 1307 1022 ru

130 1054 230 1120 lotum
252 1065 390 1122 extensa
408 1058 555 1142 perviam
573 1058 678 1140 ipsam
697 1057 848 1122 semitam
868 1056 972 1140 reddit
993 1060 1107 1124 bestiis
1124 1067 1307 1127 meun-

128 1161 215 1234 tubas
218 1161 478 1246 formidulosum,
493 1163 576 1246 quia
585 1170 677 1245 petra
696 1160 867 1272 planacst,
877 1163 957 1260 cosi
970 1173 1065 1228 essct
1077 1145 1190 1250 polita,
1205 1185 1308 1251 snper

129 1284 226 1350 quam
250 1283 335 1334 cuna
344 1267 518 1330 tormidine
538 1265 693 1340 inoedrurt
713 1243 855 1350 bestrae,
883 1267 1037 1332 timentes
1058 1287 1193 1352 casum,
1206 1290 1307 1353 prae·

132 1374 229 1454 cipue
260 1370 651 1446 condescendunt.1n
682 1370 749 1436 illo
752 1371 842 1435 loco
852 1373 1016 1470 substitit
1042 1373 1201 1444 Dominus
1221 1393 1306 1472 pm

129 1477 233 1558 amno,
256 1485 289 1540 et
310 1475 469 1558 conjectis
490 1475 593 1540 oculis
611 1476 729 1540 videns
751 1477 916 1540 civitatem
936 1478 1039 1550 fleuit
1047 1495 1147 1584 super
1166 1497 1254 1563 eum,
1275 1489 1308 1546 et

128 1579 229 1648 molto
252 1580 398 1669 singultu
414 1579 490 1664 ejus
507 1588 715 1666 praesentem
735 1597 865 1663 pacem
873 1580 1020 1669 deflevit,
1042 1592 1075 1647 et
1090 1563 1222 1647 ‘diturus
1246 1603 1307 1648 ca-

128 1683 293 1766 lumitates
312 1686 560 1768 praenuatiavit.
603 1685 647 1749 Ut
670 1685 806 1748 hibetur
825 1665 1082 1794 Lucae‘lssX
1088 1685 1134 1750 lu
1145 1681 1215 1770 illo'
1223 1706 1287 1772 erg
1287 1708 1307 1752 o

130 1787 202 1862 loco
224 1805 285 1879 nep
305 1791 552 1871 prostravimus,
575 1797 607 1852 et
628 1798 757 1864 orantes
769 1787 986 1874 indulgentias
998 1732 1199 1880 pleneme
1183 1794 1308 1860 remis-

129 1893 231 1958 sionis
242 1893 527 1985 accqimusstls).
547 1881 838 1978 Stubapuusuutem
851 1893 991 1958 diutius
981 1915 1016 1962 ru
1031 1896 1096 1984 hoo
1108 1895 1180 1961 loco
1171 1896 1308 1989 lucry-

129 2017 253 2073 taurum
261 1997 416 2081 Christi,
421 2006 456 2062 et
478 1999 642 2062 civitatem
655 2006 801 2094 sepulum
816 1974 1119 2088 compluimur,
1141 1999 1307 2106 siquidem

130 2121 174 2166 ax
193 2103 256 2166 hoc
277 2102 349 2166 loco
362 2101 461 2166 valde
478 2103 567 2166 clere
579 2102 708 2168 videtur
721 2085 916 2171 Jerusalem*
928 2117 1001 2166 cum
1027 2104 1146 2188 templo
1168 2113 1204 2171 et
1229 2123 1307 2170 cum

131 2215 244 2270 monto
251 2206 354 2294 syon,
376 2206 470 2290 cujus
490 2215 782 2290 aspectusprentos
803 2207 875 2291 pios
897 2207 1016 2284 effioux
1037 2217 1089 2272 est
1104 2208 1146 2272 ad
1165 2229 1310 2289 rppveu-

130 2312 205 2376 dunr
226 2314 260 2374 in
280 2312 403 2396 fletum,
424 2312 625 2396 etsignatur,
645 2312 699 2375 ubi
714 2296 872 2376 Dominus
885 2310 1005 2402 legitur
1017 2311 1160 2378 flevisse.
1194 2311 1310 2388 Habet

130 2417 216 2479 anim
236 2417 425 2481 Jerusalem
447 2437 489 2480 ex
516 2417 579 2480 lice
610 2415 687 2480 loco
703 2414 831 2480 dulcem
852 2425 885 2480 et
908 2414 1128 2496 delectabilem
1137 2421 1309 2504 rspeorern,

130 2521 226 2586 atium
247 2521 348 2588 hodia
366 2522 427 2588 sub
448 2520 671 2617 hrc'miseria.
802 2529 807 2536 '

150 2836 347 2934 Locus,1n
370 2860 459 2942 quo
466 2837 717 2986 pronuntiatus
741 2835 809 2912 suit
831 2831 962 2914 beatae
986 2833 1133 2938 Virgini
1160 2835 1283 2914 obitus

481 2978 614 3034 snus
639 2982 706 3060 per·
729 2957 908 3056 angelum.
961 3047 963 3050 Ι
1053 3053 1067 3072 .

214 3181 476 3268 Consequentur
470 3201 541 3268 per
564 3183 683 3246 clivum
700 3176 913 3246 ,ascendimus
943 3179 1073 3254 sursum
1095 3190 1307 3268 montemque

131 3286 263 3372 oliveti,
288 3299 415 3356 etcum
434 3287 503 3371 jam
524 3287 621 3352 altio
631 3285 838 3350 venissemus
861 3305 881 3350 a
901 3287 957 3352 via
974 3290 1134 3352 communi
1156 3287 1306 3354 declim-

131 3395 238 3458 uimus
253 3402 368 3459 contro¹
387 3393 551 3456 sinistram
568 3400 640 3482 ,χιι
667 3410 726 3475 per
752 3390 922 3475 quandem,
943 3393 1141 3477 crepidinem
1172 3393 1305 3475 plenam

131 3500 297 3563 arboribus
317 3499 474 3562 olivarum
496 3498 678 3561 subii-imus
698 3513 804 3580 usque
824 3496 859 3558 in
875 3495 991 3580 jugum
1014 3498 1142 3580 montis,
1163 3495 1251 3580 quod
1268 3497 1304 3560 in

131 3603 262 3686 longum
283 3601 429 3667 extendit
457 3619 495 3664 se
516 3603 556 3665 ab
575 3602 769 3686 aquilonef
760 3621 794 3666 ιιι
826 3609 980 3666 austrum.
1029 3603 1105 3664 lu
1095 3617 1168 3685 rpso
1190 3609 1302 3666 autem

126 3706 206 3790 jugo
229 3710 447 3784 convertimus
471 3723 532 3770 nos
554 3705 596 3768 ad
621 3707 811 3806 aquilonem,
834 3715 868 3770 et
888 3707 1055 3790 progressi
1079 3707 1115 3768 in
1136 3705 1305 3774 cacumine

130 3810 170 3875 ad
192 3811 362 3896 quamam
373 3820 498 3895 petram
523 3811 673 3874 venimus
683 3811 827 3898 ,ibique
856 3811 964 3874 locum
999 3827 1096 3884 arcus
1116 3794 1303 3874 dovotionis

129 3932 208 3988 ossa
227 3914 508 3999 deprehendimus
543 3914 713 4000 Siquidem
732 3915 840 3979 omnio
860 3915 933 3979 loca
950 3925 1066 3988 sancte
1085 3923 1218 4000 propter
1232 3913 1303 3977 t're-

129 4029 273 4104 quentes·
285 4017 541 4084 Christianorum
562 4037 719 4086 accessus
739 4020 859 4084 habeut
878 4019 1012 4083 semitas
1032 4019 1217 4104 singulares
1240 4018 1302 4082 tri-

127 4133 190 4208 tas,
212 4133 249 4189 ot
264 4131 343 4190 sunt
360 4121 488 4208 signeto
509 4124 669 4208 aliquibus
681 4125 853 4209 lapidibus,
869 4124 927 4208 qni
939 4122 1068 4207 lapides
1082 4127 1164 4190 sunt
1171 4131 1303 4208 propter

127 4228 399 4294 deosculationem
440 4227 688 4312 quodammodo·
705 4228 847 4312 sordidi,
887 4233 1020 4313 propter
1050 4229 1302 4313 applicationem
