2608 4842
701 144 766 217 ato

148 352 309 414 cisternas
328 345 363 406 in
383 357 425 402 eo
446 337 603 417 vidimus,
633 351 717 417 quas
739 323 977 414 iratres,'dum
1022 323 1203 386 emissent
1220 241 1303 382 horu1

147 465 180 520 et
200 451 363 530 foderunt,
387 450 574 526 rapererturt
596 449 684 504 terra
704 447 736 500 et
757 435 919 520 lapidibus
945 429 1139 513 repletas,
1162 443 1239 509 quas
1255 445 1286 484 m

148 557 324 638 (laverunt,
346 561 381 614 et
405 548 532 611 canalia
551 551 704 628 aptantes
727 551 872 626 tempore
891 537 1055 623 pluviali
1083 533 1231 614 optimas
1252 527 1301 614 ap'

148 665 181 726 in
204 665 253 722 eis
289 657 459 738 colligunt:
494 667 554 712 noc
586 652 671 711 onim
696 648 819 712 sufficit
840 645 890 708 eis¹
911 661 1015 726 aqua
1052 636 1157 701 illius
1192 639 1294 698 mem

149 775 233 850 quae
256 772 308 827 est
329 769 404 824 ante
425 755 640 836 refectorium,
657 753 698 815 de
720 769 786 836 qua
806 769 905 834 supra
922 749 986 811 fol.
1003 745 1070 810 97.
1091 744 1142 804 A.
1167 741 1297 804 mention

152 869 234 954 feci,
265 887 323 952 per
344 873 515 945 aestatem,
553 878 638 944 quae
657 871 710 920 me
740 859 785 921 ibi
817 857 986 919 existente
1032 851 1229 914 defecerat.
1261 839 1303 920 l'ri

149 975 248 1040 valde
268 970 474 1035 necessariae
506 973 582 1028 snut
608 965 659 1026 eis
679 950 839 1026 cisternae
869 960 954 1023 horti
991 956 1117 1020 illius.
1167 931 1303 1015 Namul

151 1083 222 1144 eius
244 1078 436 1160 emptionem
459 1071 662 1155 patiebantur
687 1070 721 1131 in
743 1067 837 1131 annis
866 1065 966 1128 aridis
994 1071 1038 1124 et
1066 1060 1184 1122 siccis
1212 1045 1303 1135 magu

150 1202 306 1270 aquarum
325 1180 507 1264 penuriam,
529 1175 590 1239 setl
610 1175 704 1238 horto
728 1174 838 1236 habito
865 1173 931 1254 pati
960 1188 1042 1232 uon
1070 1169 1226 1252 possunt
1244 1153 1303 1220 delati

149 1298 218 1354 tum
241 1307 413 1372 aquarum,
435 1281 520 1367 quod
545 1294 698 1361 magnum
720 1285 886 1360 reputatur
905 1279 939 1337 in
961 1271 1198 1338 Jerusalem.
1237 1263 1303 1326 lnlrl

150 1398 284 1477 insuper
305 1392 397 1454 horto
418 1387 549 1451 diversa
569 1401 692 1468 gen-era
713 1385 860 1446 arborum
883 1383 1020 1466 plantas
1048 1379 1202 1452 habent,
1222 1371 1303 1432 boun

150 1509 184 1562 at
205 1498 496 1579 malagranatorum
519 1477 581 1554 etc.
605 1497 639 1551 et
661 1488 749 1551 olera
770 1507 829 1571 pro
863 1497 1061 1552 conventus
1096 1477 1299 1546 sustentatione

151 1604 335 1666 laetantem
356 1602 470 1662 hortus
492 1597 548 1659 ille
569 1594 765 1678 quadratus,
787 1597 821 1658 iu
843 1613 942 1657 cornu
973 1592 1115 1655 montis
1142 1586 1235 1668 Syou
1251 1579 1298 1660 pti

151 1717 222 1793 tus,
251 1713 285 1769 et
312 1705 357 1772 ibi
388 1705 428 1765 ab
461 1700 628 1765 occidente
658 1702 755 1763 habet
783 1699 987 1763 Conventum
1017 1706 1062 1759 et
1104 1689 1298 1756 ecclesiast

146 1813 262 1897 jugum
281 1811 400 1874 montis
423 1807 515 1892 Syon
536 1805 599 1868 sibi
627 1806 779 1888 aequale:
811 1825 870 1888 per
896 1805 976 1866 alias
997 1811 1078 1865 tres
1112 1804 1226 1882 partes
1242 1785 1294 1850 habt

154 1919 275 2002 valles,
297 1926 330 1980 et
351 1922 403 1979 cst
424 1914 564 1978 maceria
585 1912 720 1974 cinctus.
763 1911 849 1974 Nam
868 1914 909 1973 ab
944 1917 1064 1972 austro
1089 1906 1198 1968 habet
1224 1891 1292 1957 valla

153 2023 395 2089 Acheldemach
413 2037 487 2082 cum
508 2015 742 2101 montoGyon:
766 2019 805 2080 ab
828 2018 951 2081 oriente
972 2015 1080 2078 habet
1102 2007 1226 2074 vallem
1236 1994 1292 2078 Syll

153 2147 225 2192 oum
249 2135 358 2190 monte
380 2123 592 2205 Offensionis,
610 2131 643 2184 et
665 2131 901 2205 consequenter
926 2118 1049 2182 vallem
1074 2109 1239 2193 Josapbat
1251 2117 1301 2162 tie

152 2243 260 2297 monte
282 2231 423 2314 oliveti,
453 2231 493 2291 ab
517 2229 667 2311 aquilone
687 2229 786 2290 habet
811 2225 911 2290 Mello
934 2241 1007 2287 oum
1036 2222 1184 2285 civitate
1210 2211 1290 2272 mcii

152 2339 376 2404 'l'ransivimus
396 2355 474 2418 ergo
497 2352 555 2418 per
577 2333 761 2415 circuitum,
792 2341 824 2394 et
845 2350 903 2415 per
925 2327 1104 2392 maceriam
1129 2307 1287 2384 deomant

153 2447 258 2510 valles
280 2445 500 2526 respeximus,
537 2445 571 2501 et
600 2439 642 2501 ad
666 2439 832 2520 oppositos
853 2442 998 2516 montes3
1027 2439 1063 2495 et
1085 2438 1143 2492 est
1165 2423 1289 2504 respctlii

154 2551 251 2615 valde
285 2547 487 2612 delectabilis
526 2545 643 2607 scienti
679 2545 867 2625 scripturas.
919 2541 996 2623 lpsa
1039 2547 1155 2600 autem
1190 2517 1301 2604 innocui¹

156 2657 292 2738 cingens
313 2655 439 2716 hortum
464 2651 564 2733 petris
586 2650 730 2732 abruptis
751 2657 804 2712 cst
824 2646 1047 2730 supraposita,
1078 2649 1115 2704 et
1138 2639 1183 2702 ibi
1201 2627 1287 2694 vilan

156 2759 264 2821 adhuc
296 2756 536 2836 antiquissimus
568 2773 678 2818 murus
703 2749 794 2838 Syou
817 2763 850 2816 et
870 2753 1003 2815 turrium
1033 2739 1282 2814 l'umiarneutt,el

154 2863 257 2926 multa
292 2867 404 2942 patent
430 2859 475 2922 ibi
512 2858 553 2921 ad
581 2860 728 2935 oculum,
765 2858 806 2920 (le
835 2859 953 2941 quibus
979 2858 1013 2919 in
1035 2854 1204 2937 Scriptura
1226 2845 1286 2900 Μ*

154 2965 275 3029 mentio
296 2965 348 3047 lit,
377 2981 462 3047 quae
483 2965 599 3050 legens
633 2963 809 3027 difficulter
835 2963 1004 3046 intelligit,
1025 2967 1061 3024 ut
1084 2960 1129 3023 de
1147 2935 1282 3024 Melici

63 3161 65 3168 Α
156 3073 270 3154 Gyan,
303 3070 345 3132 de
371 3067 529 3153 vallibus,
552 3079 585 3133 et
606 3076 746 3132 caetera.
786 3069 886 3132 Porro
907 3069 956 3131 sic
985 3067 1081 3130 nobis
1111 3047 1284 3126 simulat

154 3177 195 3244 de
217 3176 282 3242 alto
293 3175 536 3259 speculantibus
547 3177 680 3240 emersit
692 3177 777 3238 inter
793 3174 983 3258 peregrinos
1004 3171 1125 3235 milites
1138 3153 1280 3229 saecul!lli

156 3281 390 3366 confabulatio,
413 3299 509 3365 quam
530 3289 656 3364 oportet
676 3279 730 3342 hic
751 3281 898 3343 recitare.
925 3278 1033 3362 Super
1052 3273 1220 3340 maceriam
1232 3269 1301 3341 W

1 3420 32 3454 -o
154 3392 339 3472 cubuimus,
369 3396 403 3450 et
424 3395 537 3450 contra
564 3386 727 3450 civitatem
755 3385 997 3448 Jerusalem'et
1016 3382 1138 3446 vallem
1163 3361 1280 3446 Josrpltl

155 3497 356 3575 respeximus
378 3489 486 3572 (107
495 3491 560 3574 Δ).
607 3489 803 3553 Saeculares
826 3499 933 3552 autem
959 3487 1007 3554 illi
1028 3486 1154 3550 cunctis
1174 3465 1277 3558 objwi'l

156 3615 241 3679 quae
262 3616 341 3680 prae
364 3597 467 3660 oculis
486 3596 705 3680 habebamus,
727 3596 875 3677 omissis,
905 3597 1014 3656 visum
1036 3609 1135 3673 super
1160 3575 1278 3662 templum,

157 3698 243 3783 quod
265 3703 381 3764 dicitur
402 3700 602 3786 Salomonis,
631 3701 856 3783 reflectebant3
880 3708 913 3761 et
934 3697 975 3761 ‹lc
1004 3697 1059 3759 illo
1090 3685 1279 3758 admirabaris
1300 3750 1303 3760 ,,

158 3811 191 3866 ct
212 3821 284 3864 eum
303 3806 424 3869 intrare
444 3815 477 3870 et
497 3806 610 3870 videro
630 3809 799 3890 optabant,
826 3815 858 3868 et
878 3804 980 3867 multa
1009 3799 1208 3883 disputabant
1226 3788 1276 3850 iuter
1300 3767 1303 3888 Ι

156 3923 211 3988 se,
234 3908 394 3989 quomodo
416 3912 479 3974 hoc
499 3914 653 3996 templum
673 3928 694 3975 a
720 3921 865 3994 tempore
899 3907 1083 3971 Salomonis
1103 3916 1199 3986 usquc
1221 3897 1274 3955 nort

157 4013 333 4097 duraverit,
357 4022 390 4074 et
409 4015 486 4076 talia
503 4016 673 4098 loquentes
695 4006 757 4100 ego
779 4014 992 4079 attendebam.
1024 4007 1273 4093 numquamne

156 4119 303 4183 inutilem
324 4135 505 4181 sermonem
525 4121 757 4200 protraherent,
774 4119 840 4182 dixi
861 4121 926 4181 cisa
951 4119 995 4178 mi
1012 4115 1140 4178 Domini
1158 4121 1185 4175 et
1197 4107 1270 4172 irrite

158 4224 339 4303 peregrini,
365 4225 457 4301 'quae
492 4227 544 4281 est
574 4237 689 4301 causa,
727 4221 814 4302 quod
851 4230 917 4285 tam
948 4229 1064 4285 sancta
1093 4227 1126 4284 et
1158 4207 1271 4302 praealti¹
