<?xml version="1.0" encoding="UTF-8"?>
<!DOCTYPE html PUBLIC "-//W3C//DTD XHTML 1.0 Transitional//EN"
    "http://www.w3.org/TR/xhtml1/DTD/xhtml1-transitional.dtd">
<html xmlns="http://www.w3.org/1999/xhtml" xml:lang="en" lang="en">
 <head>
  <title>
</title>
<meta http-equiv="Content-Type" content="text/html;charset=utf-8" />
  <meta name='ocr-system' content='tesseract 3.04.00' />
  <meta name='ocr-capabilities' content='ocr_page ocr_carea ocr_par ocr_line ocrx_word'/>
</head>
<body>
  <div class='ocr_page' id='page_1' title='image "./fratrisfelicisf01fabrgoog_0067.png"; bbox 0 0 2914 4850; ppageno 0'>
   <div class='ocr_carea' id='block_1_1' title="bbox 190 291 1375 2170">
    <p class='ocr_par' dir='ltr' id='par_1_1' title="bbox 192 291 1338 382">
     <span class='ocr_line' id='line_1_1' title="bbox 192 291 1338 382; baseline -0.012 -12"><span class='ocrx_word' id='word_1_1' title='bbox 192 321 324 372; x_wconf 83' lang='lat' dir='ltr'><strong>asseres</strong></span> <span class='ocrx_word' id='word_1_2' title='bbox 337 315 469 366; x_wconf 87' lang='lat' dir='ltr'><strong>carrera</strong></span> <span class='ocrx_word' id='word_1_3' title='bbox 484 313 713 382; x_wconf 86' lang='lat' dir='ltr'><strong>perpraeceps</strong></span> <span class='ocrx_word' id='word_1_4' title='bbox 729 298 944 360; x_wconf 88' lang='lat' dir='ltr'><strong>mitterentur.</strong></span> <span class='ocrx_word' id='word_1_5' title='bbox 967 291 1075 377; x_wconf 81' lang='lat' dir='ltr'><strong>Saepe</strong></span> <span class='ocrx_word' id='word_1_6' title='bbox 1091 291 1134 356; x_wconf 86' lang='lat' dir='ltr'><strong>da</strong></span> <span class='ocrx_word' id='word_1_7' title='bbox 1153 294 1227 360; x_wconf 86' lang='lat' dir='ltr'><strong>hoe</strong></span> <span class='ocrx_word' id='word_1_8' title='bbox 1262 297 1301 349; x_wconf 70' lang='lat' dir='ltr'><strong>o·</strong></span> <span class='ocrx_word' id='word_1_9' title='bbox 1335 324 1338 333; x_wconf 79' lang='lat'><em>=</em></span> 
     </span>
    </p>

    <p class='ocr_par' dir='ltr' id='par_1_2' title="bbox 190 390 1375 2170">
     <span class='ocr_line' id='line_1_2' title="bbox 193 390 1375 487; baseline -0.014 -11"><span class='ocrx_word' id='word_1_10' title='bbox 193 431 265 476; x_wconf 89' lang='lat' dir='ltr'><strong>sum</strong></span> <span class='ocrx_word' id='word_1_11' title='bbox 293 413 330 473; x_wconf 88' lang='lat' dir='ltr'><strong>in</strong></span> <span class='ocrx_word' id='word_1_12' title='bbox 363 406 462 470; x_wconf 87' lang='lat' dir='ltr'><strong>maris</strong></span> <span class='ocrx_word' id='word_1_13' title='bbox 489 403 735 487; x_wconf 84' lang='lat' dir='ltr'><strong>tempestatibus</strong></span> <span class='ocrx_word' id='word_1_14' title='bbox 767 403 932 482; x_wconf 85' lang='lat' dir='ltr'><strong>existens,</strong></span> <span class='ocrx_word' id='word_1_15' title='bbox 964 398 1051 483; x_wconf 83' lang='lat' dir='ltr'><strong>quod</strong></span> <span class='ocrx_word' id='word_1_16' title='bbox 1084 416 1191 483; x_wconf 82' lang='lat' dir='ltr'><strong>aqua,</strong></span> <span class='ocrx_word' id='word_1_17' title='bbox 1231 418 1318 464; x_wconf 83' lang='lat' dir='ltr'><strong>enm</strong></span> <span class='ocrx_word' id='word_1_18' title='bbox 1342 390 1375 460; x_wconf 54' lang='grc' dir='ltr'><strong>εἰ</strong></span> 
     </span>
     <span class='ocr_line' id='line_1_3' title="bbox 192 503 1362 599; baseline -0.01 -22"><span class='ocrx_word' id='word_1_19' title='bbox 192 531 309 599; x_wconf 88' lang='lat' dir='ltr'><strong>corpus</strong></span> <span class='ocrx_word' id='word_1_20' title='bbox 341 529 464 594; x_wconf 84' lang='lat' dir='ltr'><strong>rarum,</strong></span> <span class='ocrx_word' id='word_1_21' title='bbox 495 518 593 572; x_wconf 88' lang='lat' dir='ltr'><strong>tenue</strong></span> <span class='ocrx_word' id='word_1_22' title='bbox 616 517 650 572; x_wconf 89' lang='lat' dir='ltr'><strong>et</strong></span> <span class='ocrx_word' id='word_1_23' title='bbox 686 507 800 591; x_wconf 50' lang='lat' dir='ltr'><strong>molles</strong></span> <span class='ocrx_word' id='word_1_24' title='bbox 836 515 904 570; x_wconf 89' lang='lat' dir='ltr'><strong>tam</strong></span> <span class='ocrx_word' id='word_1_25' title='bbox 934 503 1047 568; x_wconf 79' lang='lat' dir='ltr'><strong>duram</strong></span> <span class='ocrx_word' id='word_1_26' title='bbox 1073 503 1362 588; x_wconf 79' lang='lat' dir='ltr'><strong>impactionem‘r</strong></span> 
     </span>
     <span class='ocr_line' id='line_1_4' title="bbox 193 609 1370 703; baseline -0.008 -19"><span class='ocrx_word' id='word_1_27' title='bbox 193 636 311 703; x_wconf 85' lang='lat' dir='ltr'><strong>corpus</strong></span> <span class='ocrx_word' id='word_1_28' title='bbox 328 619 513 700; x_wconf 84' lang='lat' dir='ltr'><strong>oppositum</strong></span> <span class='ocrx_word' id='word_1_29' title='bbox 533 623 641 699; x_wconf 86' lang='lat' dir='ltr'><strong>potest</strong></span> <span class='ocrx_word' id='word_1_30' title='bbox 659 614 784 678; x_wconf 82' lang='lat' dir='ltr'><strong>iacere:</strong></span> <span class='ocrx_word' id='word_1_31' title='bbox 806 613 885 676; x_wconf 84' lang='lat' dir='ltr'><strong>iecit</strong></span> <span class='ocrx_word' id='word_1_32' title='bbox 900 613 986 674; x_wconf 88' lang='lat' dir='ltr'><strong>enim</strong></span> <span class='ocrx_word' id='word_1_33' title='bbox 1003 612 1178 694; x_wconf 59' lang='lat' dir='ltr'><strong>mrepstum</strong></span> <span class='ocrx_word' id='word_1_34' title='bbox 1195 609 1247 672; x_wconf 86' lang='lat' dir='ltr'><strong>ad</strong></span> <span class='ocrx_word' id='word_1_35' title='bbox 1267 629 1370 685; x_wconf 75' lang='lat' dir='ltr'><strong>never,</strong></span> 
     </span>
     <span class='ocr_line' id='line_1_5' title="bbox 193 706 1371 806; baseline -0.01 -18"><span class='ocrx_word' id='word_1_36' title='bbox 193 741 345 806; x_wconf 86' lang='lat' dir='ltr'><strong>correns,</strong></span> <span class='ocrx_word' id='word_1_37' title='bbox 375 739 417 788; x_wconf 65' lang='lat' dir='ltr'>a</span> <span class='ocrx_word' id='word_1_38' title='bbox 443 724 473 784; x_wconf 92' lang='lat' dir='ltr'><strong>si</strong></span> <span class='ocrx_word' id='word_1_39' title='bbox 503 721 642 784; x_wconf 86' lang='lat' dir='ltr'><strong>molares</strong></span> <span class='ocrx_word' id='word_1_40' title='bbox 671 719 713 782; x_wconf 91' lang='lat' dir='ltr'><strong>de</strong></span> <span class='ocrx_word' id='word_1_41' title='bbox 743 718 831 784; x_wconf 82' lang='lat' dir='ltr'><strong>saltu</strong></span> <span class='ocrx_word' id='word_1_42' title='bbox 857 725 1080 800; x_wconf 87' lang='lat' dir='ltr'><strong>accurrerent,</strong></span> <span class='ocrx_word' id='word_1_43' title='bbox 1113 735 1181 783; x_wconf 84' lang='lat' dir='ltr'><strong>uec</strong></span> <span class='ocrx_word' id='word_1_44' title='bbox 1208 718 1332 780; x_wconf 85' lang='lat' dir='ltr'><strong>mirum</strong></span> <span class='ocrx_word' id='word_1_45' title='bbox 1346 706 1371 776; x_wconf 65' lang='grc' dir='ltr'><strong>ιι</strong></span> 
     </span>
     <span class='ocr_line' id='line_1_6' title="bbox 191 821 1359 907; baseline -0.01 -12"><span class='ocrx_word' id='word_1_46' title='bbox 191 849 311 895; x_wconf 70' lang='lat' dir='ltr'><strong>nave·</strong></span> <span class='ocrx_word' id='word_1_47' title='bbox 336 829 475 894; x_wconf 83' lang='lat' dir='ltr'><strong>ierrerun</strong></span> <span class='ocrx_word' id='word_1_48' title='bbox 507 825 720 893; x_wconf 71' lang='lat' dir='ltr'><strong>destruerent.</strong></span> <span class='ocrx_word' id='word_1_49' title='bbox 763 823 881 907; x_wconf 85' lang='lat' dir='ltr'><strong>Aquae</strong></span> <span class='ocrx_word' id='word_1_50' title='bbox 902 831 1011 885; x_wconf 87' lang='lat' dir='ltr'><strong>tamen</strong></span> <span class='ocrx_word' id='word_1_51' title='bbox 1032 821 1132 885; x_wconf 81' lang='lat' dir='ltr'><strong>maris</strong></span> <span class='ocrx_word' id='word_1_52' title='bbox 1162 831 1256 884; x_wconf 87' lang='lat' dir='ltr'><strong>sunt</strong></span> <span class='ocrx_word' id='word_1_53' title='bbox 1280 825 1359 903; x_wconf 76' lang='lat' dir='ltr'><strong>magi</strong></span> 
     </span>
     <span class='ocr_line' id='line_1_7' title="bbox 190 928 1358 1020; baseline -0.01 -19"><span class='ocrx_word' id='word_1_54' title='bbox 190 940 402 1020; x_wconf 76' lang='lat' dir='ltr'><strong>importunae,</strong></span> <span class='ocrx_word' id='word_1_55' title='bbox 419 949 595 996; x_wconf 89' lang='lat' dir='ltr'><strong>sonorosae</strong></span> <span class='ocrx_word' id='word_1_56' title='bbox 615 939 649 993; x_wconf 88' lang='lat' dir='ltr'><strong>et</strong></span> <span class='ocrx_word' id='word_1_57' title='bbox 662 931 767 1012; x_wconf 83' lang='lat' dir='ltr'><strong>magis</strong></span> <span class='ocrx_word' id='word_1_58' title='bbox 778 928 942 994; x_wconf 82' lang='lat' dir='ltr'><strong>mirabiles</strong></span> <span class='ocrx_word' id='word_1_59' title='bbox 948 935 1027 990; x_wconf 87' lang='lat' dir='ltr'><strong>sunt</strong></span> <span class='ocrx_word' id='word_1_60' title='bbox 1039 928 1073 990; x_wconf 92' lang='lat' dir='ltr'><strong>in</strong></span> <span class='ocrx_word' id='word_1_61' title='bbox 1083 928 1153 990; x_wconf 88' lang='lat' dir='ltr'><strong>suis</strong></span> <span class='ocrx_word' id='word_1_62' title='bbox 1165 928 1358 992; x_wconf 75' lang='lat' dir='ltr'><strong>elatiorn&#39;bos</strong></span> 
     </span>
     <span class='ocr_line' id='line_1_8' title="bbox 194 1034 1358 1121; baseline -0.006 -21"><span class='ocrx_word' id='word_1_63' title='bbox 194 1055 291 1121; x_wconf 83' lang='lat' dir='ltr'><strong>quam</strong></span> <span class='ocrx_word' id='word_1_64' title='bbox 303 1037 388 1100; x_wconf 86' lang='lat' dir='ltr'><strong>aliae</strong></span> <span class='ocrx_word' id='word_1_65' title='bbox 398 1054 512 1121; x_wconf 86' lang='lat' dir='ltr'><strong>aquae.</strong></span> <span class='ocrx_word' id='word_1_66' title='bbox 533 1037 604 1120; x_wconf 79' lang='lat' dir='ltr'><strong>ligo</strong></span> <span class='ocrx_word' id='word_1_67' title='bbox 611 1036 708 1100; x_wconf 86' lang='lat' dir='ltr'><strong>habui</strong></span> <span class='ocrx_word' id='word_1_68' title='bbox 719 1034 965 1098; x_wconf 71' lang='lat' dir='ltr'><strong>delectationem</strong></span> <span class='ocrx_word' id='word_1_69' title='bbox 981 1035 1178 1116; x_wconf 81' lang='lat' dir='ltr'><strong>magnamin</strong></span> <span class='ocrx_word' id='word_1_70' title='bbox 1192 1043 1358 1116; x_wconf 68' lang='lat' dir='ltr'><strong>tempesto</strong></span> 
     </span>
     <span class='ocr_line' id='line_1_9' title="bbox 194 1137 1357 1224; baseline -0.002 -18"><span class='ocrx_word' id='word_1_71' title='bbox 194 1143 279 1206; x_wconf 86' lang='lat' dir='ltr'><strong>tibus</strong></span> <span class='ocrx_word' id='word_1_72' title='bbox 294 1144 443 1224; x_wconf 85' lang='lat' dir='ltr'><strong>superius</strong></span> <span class='ocrx_word' id='word_1_73' title='bbox 454 1141 598 1204; x_wconf 84' lang='lat' dir='ltr'><strong>sedendo</strong></span> <span class='ocrx_word' id='word_1_74' title='bbox 610 1149 666 1206; x_wconf 78' lang='lat' dir='ltr'><strong>ast</strong></span> <span class='ocrx_word' id='word_1_75' title='bbox 677 1140 845 1224; x_wconf 81' lang='lat' dir='ltr'><strong>stando,et</strong></span> <span class='ocrx_word' id='word_1_76' title='bbox 855 1137 997 1206; x_wconf 81' lang='lat' dir='ltr'><strong>videndo</strong></span> <span class='ocrx_word' id='word_1_77' title='bbox 1012 1138 1179 1206; x_wconf 82' lang='lat' dir='ltr'><strong>mirabiles</strong></span> <span class='ocrx_word' id='word_1_78' title='bbox 1195 1154 1357 1204; x_wconf 70' lang='lat' dir='ltr'><strong>successit</strong></span> 
     </span>
     <span class='ocr_line' id='line_1_10' title="bbox 192 1243 1356 1331; baseline -0.009 -21"><span class='ocrx_word' id='word_1_79' title='bbox 192 1247 407 1331; x_wconf 87' lang='lat' dir='ltr'><strong>procellarnm</strong></span> <span class='ocrx_word' id='word_1_80' title='bbox 433 1256 465 1308; x_wconf 87' lang='lat' dir='ltr'><strong>et</strong></span> <span class='ocrx_word' id='word_1_81' title='bbox 487 1263 644 1310; x_wconf 90' lang='lat' dir='ltr'><strong>occursus</strong></span> <span class='ocrx_word' id='word_1_82' title='bbox 665 1246 837 1310; x_wconf 82' lang='lat' dir='ltr'><strong>horribiles</strong></span> <span class='ocrx_word' id='word_1_83' title='bbox 859 1263 1026 1329; x_wconf 79' lang='lat' dir='ltr'><strong>aquarum.</strong></span> <span class='ocrx_word' id='word_1_84' title='bbox 1068 1243 1286 1322; x_wconf 67' lang='lat' dir='ltr'><strong>{tolerabiles</strong></span> <span class='ocrx_word' id='word_1_85' title='bbox 1306 1259 1356 1305; x_wconf 87' lang='lat' dir='ltr'><strong>san</strong></span> 
     </span>
     <span class='ocr_line' id='line_1_11' title="bbox 192 1351 1356 1436; baseline -0.007 -20"><span class='ocrx_word' id='word_1_86' title='bbox 192 1361 404 1436; x_wconf 64' lang='lat' dir='ltr'><strong>tempemates</strong></span> <span class='ocrx_word' id='word_1_87' title='bbox 436 1351 586 1436; x_wconf 84' lang='lat' dir='ltr'><strong>diurnae,</strong></span> <span class='ocrx_word' id='word_1_88' title='bbox 618 1351 678 1416; x_wconf 82' lang='lat' dir='ltr'><strong>sed</strong></span> <span class='ocrx_word' id='word_1_89' title='bbox 708 1361 886 1414; x_wconf 85' lang='lat' dir='ltr'><strong>noeturnae</strong></span> <span class='ocrx_word' id='word_1_90' title='bbox 922 1359 999 1413; x_wconf 88' lang='lat' dir='ltr'><strong>sunt</strong></span> <span class='ocrx_word' id='word_1_91' title='bbox 1032 1351 1131 1414; x_wconf 84' lang='lat' dir='ltr'><strong>nimis</strong></span> <span class='ocrx_word' id='word_1_92' title='bbox 1162 1351 1356 1424; x_wconf 72' lang='lat' dir='ltr'><strong>inhumanae</strong></span> 
     </span>
     <span class='ocr_line' id='line_1_12' title="bbox 192 1453 1355 1541; baseline -0.005 -21"><span class='ocrx_word' id='word_1_93' title='bbox 192 1459 367 1540; x_wconf 73' lang='lat' dir='ltr'><strong>praecipue</strong></span> <span class='ocrx_word' id='word_1_94' title='bbox 401 1455 530 1537; x_wconf 77' lang='lat' dir='ltr'><strong>quando</strong></span> <span class='ocrx_word' id='word_1_95' title='bbox 558 1467 635 1520; x_wconf 86' lang='lat' dir='ltr'><strong>sunt</strong></span> <span class='ocrx_word' id='word_1_96' title='bbox 666 1473 804 1541; x_wconf 78' lang='lat' dir='ltr'><strong>suevae,</strong></span> <span class='ocrx_word' id='word_1_97' title='bbox 826 1458 911 1520; x_wconf 87' lang='lat' dir='ltr'><strong>sicut</strong></span> <span class='ocrx_word' id='word_1_98' title='bbox 934 1456 995 1519; x_wconf 86' lang='lat' dir='ltr'><strong>luit</strong></span> <span class='ocrx_word' id='word_1_99' title='bbox 1020 1454 1094 1532; x_wconf 86' lang='lat' dir='ltr'><strong>ille,</strong></span> <span class='ocrx_word' id='word_1_100' title='bbox 1122 1453 1166 1516; x_wconf 91' lang='lat' dir='ltr'><strong>de</strong></span> <span class='ocrx_word' id='word_1_101' title='bbox 1188 1473 1264 1538; x_wconf 85' lang='lat' dir='ltr'><strong>que</strong></span> <span class='ocrx_word' id='word_1_102' title='bbox 1295 1469 1355 1515; x_wconf 78' lang='lat' dir='ltr'><strong>nnnc</strong></span> 
     </span>
     <span class='ocr_line' id='line_1_13' title="bbox 194 1544 1372 1644; baseline -0.004 -21"><span class='ocrx_word' id='word_1_103' title='bbox 194 1563 318 1644; x_wconf 91' lang='lat' dir='ltr'><strong>loquor.</strong></span> <span class='ocrx_word' id='word_1_104' title='bbox 350 1563 427 1626; x_wconf 85' lang='lat' dir='ltr'><strong>Fuit</strong></span> <span class='ocrx_word' id='word_1_105' title='bbox 445 1561 546 1624; x_wconf 76' lang='lat' dir='ltr'><strong>emma·</strong></span> <span class='ocrx_word' id='word_1_106' title='bbox 552 1561 747 1624; x_wconf 77' lang='lat' dir='ltr'><strong>saevissima</strong></span> <span class='ocrx_word' id='word_1_107' title='bbox 767 1571 801 1624; x_wconf 91' lang='lat' dir='ltr'><strong>et</strong></span> <span class='ocrx_word' id='word_1_108' title='bbox 822 1564 855 1626; x_wconf 89' lang='lat' dir='ltr'><strong>in</strong></span> <span class='ocrx_word' id='word_1_109' title='bbox 876 1563 1016 1626; x_wconf 79' lang='lat' dir='ltr'><strong>intensis</strong></span> <span class='ocrx_word' id='word_1_110' title='bbox 1041 1560 1197 1643; x_wconf 87' lang='lat' dir='ltr'><strong>tenebris,</strong></span> <span class='ocrx_word' id='word_1_111' title='bbox 1223 1578 1292 1622; x_wconf 91' lang='lat' dir='ltr'><strong>nec</strong></span> <span class='ocrx_word' id='word_1_112' title='bbox 1311 1544 1372 1637; x_wconf 77' lang='lat' dir='ltr'><strong>ent!</strong></span> 
     </span>
     <span class='ocr_line' id='line_1_14' title="bbox 195 1664 1372 1766; baseline -0.007 -37"><span class='ocrx_word' id='word_1_113' title='bbox 195 1667 316 1748; x_wconf 85' lang='lat' dir='ltr'><strong>lumen,</strong></span> <span class='ocrx_word' id='word_1_114' title='bbox 337 1668 401 1730; x_wconf 91' lang='lat' dir='ltr'><strong>nisi</strong></span> <span class='ocrx_word' id='word_1_115' title='bbox 420 1664 508 1748; x_wconf 71' lang='lat' dir='ltr'><strong>qood</strong></span> <span class='ocrx_word' id='word_1_116' title='bbox 523 1669 773 1730; x_wconf 87' lang='lat' dir='ltr'><strong>coruscationes</strong></span> <span class='ocrx_word' id='word_1_117' title='bbox 795 1673 967 1738; x_wconf 79' lang='lat' dir='ltr'><strong>continnae</strong></span> <span class='ocrx_word' id='word_1_118' title='bbox 994 1667 1157 1752; x_wconf 85' lang='lat' dir='ltr'><strong>ilrlgurum</strong></span> <span class='ocrx_word' id='word_1_119' title='bbox 1180 1667 1372 1766; x_wconf 51' lang='lat' dir='ltr'><strong>caumont,</strong></span> 
     </span>
     <span class='ocr_line' id='line_1_15' title="bbox 195 1769 1372 1856; baseline 0.001 -21"><span class='ocrx_word' id='word_1_120' title='bbox 195 1773 239 1835; x_wconf 81' lang='lat' dir='ltr'><strong>lit</strong></span> <span class='ocrx_word' id='word_1_121' title='bbox 258 1779 328 1834; x_wconf 86' lang='lat' dir='ltr'><strong>erat</strong></span> <span class='ocrx_word' id='word_1_122' title='bbox 349 1780 413 1834; x_wconf 85' lang='lat' dir='ltr'><strong>tarn</strong></span> <span class='ocrx_word' id='word_1_123' title='bbox 428 1788 551 1834; x_wconf 88' lang='lat' dir='ltr'><strong>saevus</strong></span> <span class='ocrx_word' id='word_1_124' title='bbox 564 1780 682 1835; x_wconf 89' lang='lat' dir='ltr'><strong>ventus</strong></span> <span class='ocrx_word' id='word_1_125' title='bbox 698 1772 883 1836; x_wconf 74' lang='lat' dir='ltr'><strong>elevasset</strong></span> <span class='ocrx_word' id='word_1_126' title='bbox 900 1771 1059 1856; x_wconf 78' lang='lat' dir='ltr'><strong>dejiciens</strong></span> <span class='ocrx_word' id='word_1_127' title='bbox 1068 1769 1223 1854; x_wconf 74' lang='lat' dir='ltr'><strong>Galeam,</strong></span> <span class='ocrx_word' id='word_1_128' title='bbox 1241 1771 1372 1852; x_wconf 75' lang='lat' dir='ltr'><strong>ernnqit¹</strong></span> 
     </span>
     <span class='ocr_line' id='line_1_16' title="bbox 195 1868 1372 1962; baseline -0.003 -23"><span class='ocrx_word' id='word_1_129' title='bbox 195 1895 281 1940; x_wconf 86' lang='lat' dir='ltr'><strong>nnnc</strong></span> <span class='ocrx_word' id='word_1_130' title='bbox 302 1878 366 1942; x_wconf 87' lang='lat' dir='ltr'><strong>huc</strong></span> <span class='ocrx_word' id='word_1_131' title='bbox 394 1895 481 1940; x_wconf 91' lang='lat' dir='ltr'><strong>nunc</strong></span> <span class='ocrx_word' id='word_1_132' title='bbox 501 1876 580 1946; x_wconf 85' lang='lat' dir='ltr'><strong>illue</strong></span> <span class='ocrx_word' id='word_1_133' title='bbox 607 1877 768 1940; x_wconf 88' lang='lat' dir='ltr'><strong>inclinans</strong></span> <span class='ocrx_word' id='word_1_134' title='bbox 797 1885 831 1940; x_wconf 89' lang='lat' dir='ltr'><strong>et</strong></span> <span class='ocrx_word' id='word_1_135' title='bbox 851 1882 1059 1962; x_wconf 72' lang='lat' dir='ltr'><strong>concutiens,</strong></span> <span class='ocrx_word' id='word_1_136' title='bbox 1097 1875 1188 1960; x_wconf 91' lang='lat' dir='ltr'><strong>quod</strong></span> <span class='ocrx_word' id='word_1_137' title='bbox 1224 1895 1321 1939; x_wconf 87' lang='lat' dir='ltr'><strong>nemo</strong></span> <span class='ocrx_word' id='word_1_138' title='bbox 1334 1868 1372 1934; x_wconf 77' lang='lat' dir='ltr'><strong>ll!</strong></span> 
     </span>
     <span class='ocr_line' id='line_1_17' title="bbox 196 1968 1373 2077; baseline -0.001 -33"><span class='ocrx_word' id='word_1_139' title='bbox 196 1983 374 2046; x_wconf 89' lang='lat' dir='ltr'><strong>cnmbasua</strong></span> <span class='ocrx_word' id='word_1_140' title='bbox 409 1992 537 2066; x_wconf 87' lang='lat' dir='ltr'><strong>poterat</strong></span> <span class='ocrx_word' id='word_1_141' title='bbox 567 1983 698 2065; x_wconf 82' lang='lat' dir='ltr'><strong>jacere,</strong></span> <span class='ocrx_word' id='word_1_142' title='bbox 719 1985 826 2046; x_wconf 82' lang='lat' dir='ltr'><strong>minus</strong></span> <span class='ocrx_word' id='word_1_143' title='bbox 854 1983 987 2068; x_wconf 85' lang='lat' dir='ltr'><strong>sedare,</strong></span> <span class='ocrx_word' id='word_1_144' title='bbox 1022 1984 1154 2046; x_wconf 90' lang='lat' dir='ltr'><strong>minime</strong></span> <span class='ocrx_word' id='word_1_145' title='bbox 1176 1990 1289 2045; x_wconf 85' lang='lat' dir='ltr'><strong>stare:</strong></span> <span class='ocrx_word' id='word_1_146' title='bbox 1316 1968 1373 2077; x_wconf 74' lang='lat' dir='ltr'><strong>sel¹</strong></span> 
     </span>
     <span class='ocr_line' id='line_1_18' title="bbox 197 2085 1372 2170; baseline -0.003 -22"><span class='ocrx_word' id='word_1_147' title='bbox 197 2086 239 2148; x_wconf 84' lang='lat' dir='ltr'><strong>ad</strong></span> <span class='ocrx_word' id='word_1_148' title='bbox 260 2087 428 2154; x_wconf 82' lang='lat' dir='ltr'><strong>columnas</strong></span> <span class='ocrx_word' id='word_1_149' title='bbox 457 2091 492 2149; x_wconf 93' lang='lat' dir='ltr'><strong>in</strong></span> <span class='ocrx_word' id='word_1_150' title='bbox 515 2088 620 2152; x_wconf 86' lang='lat' dir='ltr'><strong>medio</strong></span> <span class='ocrx_word' id='word_1_151' title='bbox 639 2096 862 2153; x_wconf 74' lang='lat' dir='ltr'><strong>sustentantes</strong></span> <span class='ocrx_word' id='word_1_152' title='bbox 879 2089 1048 2170; x_wconf 87' lang='lat' dir='ltr'><strong>superiora</strong></span> <span class='ocrx_word' id='word_1_153' title='bbox 1063 2087 1215 2150; x_wconf 86' lang='lat' dir='ltr'><strong>aedilicia</strong></span> <span class='ocrx_word' id='word_1_154' title='bbox 1231 2085 1372 2169; x_wconf 80' lang='lat' dir='ltr'><strong>penten.</strong></span> 
     </span>
    </p>
   </div>
   <div class='ocr_carea' id='block_1_2' title="bbox 193 2193 1353 2402">
    <p class='ocr_par' dir='ltr' id='par_1_3' title="bbox 193 2193 1353 2402">
     <span class='ocr_line' id='line_1_19' title="bbox 194 2193 1352 2278; baseline -0.001 -24"><span class='ocrx_word' id='word_1_155' title='bbox 194 2207 334 2254; x_wconf 85' lang='lat' dir='ltr'><strong>neccsse</strong></span> <span class='ocrx_word' id='word_1_156' title='bbox 363 2202 447 2276; x_wconf 86' lang='lat' dir='ltr'><strong>crat;</strong></span> <span class='ocrx_word' id='word_1_157' title='bbox 478 2194 534 2257; x_wconf 90' lang='lat' dir='ltr'><strong>vel</strong></span> <span class='ocrx_word' id='word_1_158' title='bbox 566 2195 660 2258; x_wconf 85' lang='lat' dir='ltr'><strong>flexis</strong></span> <span class='ocrx_word' id='word_1_159' title='bbox 688 2195 863 2278; x_wconf 85' lang='lat' dir='ltr'><strong>poplitibus</strong></span> <span class='ocrx_word' id='word_1_160' title='bbox 901 2199 976 2260; x_wconf 83' lang='lat' dir='ltr'><strong>ante</strong></span> <span class='ocrx_word' id='word_1_161' title='bbox 1006 2194 1111 2257; x_wconf 80' lang='lat' dir='ltr'><strong>sistas</strong></span> <span class='ocrx_word' id='word_1_162' title='bbox 1146 2193 1352 2275; x_wconf 68' lang='lat' dir='ltr'><strong>procumbere</strong></span> 
     </span>
     <span class='ocr_line' id='line_1_20' title="bbox 193 2297 1353 2402; baseline -0.002 -41"><span class='ocrx_word' id='word_1_163' title='bbox 193 2297 336 2362; x_wconf 86' lang='lat' dir='ltr'><strong>brachiis</strong></span> <span class='ocrx_word' id='word_1_164' title='bbox 363 2307 397 2360; x_wconf 87' lang='lat' dir='ltr'><strong>et</strong></span> <span class='ocrx_word' id='word_1_165' title='bbox 426 2300 574 2364; x_wconf 88' lang='lat' dir='ltr'><strong>manibus</strong></span> <span class='ocrx_word' id='word_1_166' title='bbox 602 2299 734 2363; x_wconf 86' lang='lat' dir='ltr'><strong>easdem</strong></span> <span class='ocrx_word' id='word_1_167' title='bbox 767 2299 983 2383; x_wconf 85' lang='lat' dir='ltr'><strong>complectere</strong></span> <span class='ocrx_word' id='word_1_168' title='bbox 1023 2298 1135 2362; x_wconf 84' lang='lat' dir='ltr'><strong>etsie</strong></span> <span class='ocrx_word' id='word_1_169' title='bbox 1178 2306 1298 2402; x_wconf 74' lang='lat' dir='ltr'><strong>tenere</strong></span> <span class='ocrx_word' id='word_1_170' title='bbox 1324 2313 1353 2376; x_wconf 77' lang='lat' dir='ltr'><strong>se,</strong></span> 
     </span>
    </p>
   </div>
   <div class='ocr_carea' id='block_1_3' title="bbox 195 2405 1355 4281">
    <p class='ocr_par' dir='ltr' id='par_1_4' title="bbox 195 2405 1355 4281">
     <span class='ocr_line' id='line_1_21' title="bbox 195 2405 1354 2489; baseline 0.001 -24"><span class='ocrx_word' id='word_1_171' title='bbox 195 2411 228 2466; x_wconf 90' lang='lat' dir='ltr'><strong>et</strong></span> <span class='ocrx_word' id='word_1_172' title='bbox 273 2405 358 2470; x_wconf 87' lang='lat' dir='ltr'><strong>inter</strong></span> <span class='ocrx_word' id='word_1_173' title='bbox 393 2405 475 2468; x_wconf 90' lang='lat' dir='ltr'><strong>haec</strong></span> <span class='ocrx_word' id='word_1_174' title='bbox 513 2426 578 2470; x_wconf 93' lang='lat' dir='ltr'><strong>non</strong></span> <span class='ocrx_word' id='word_1_175' title='bbox 626 2423 791 2489; x_wconf 88' lang='lat' dir='ltr'><strong>nunqnam</strong></span> <span class='ocrx_word' id='word_1_176' title='bbox 834 2408 937 2468; x_wconf 88' lang='lat' dir='ltr'><strong>cistae</strong></span> <span class='ocrx_word' id='word_1_177' title='bbox 986 2422 1126 2486; x_wconf 84' lang='lat' dir='ltr'><strong>magnae</strong></span> <span class='ocrx_word' id='word_1_178' title='bbox 1170 2412 1205 2466; x_wconf 88' lang='lat' dir='ltr'><strong>et</strong></span> <span class='ocrx_word' id='word_1_179' title='bbox 1252 2417 1354 2488; x_wconf 80' lang='lat' dir='ltr'><strong>gravet</strong></span> 
     </span>
     <span class='ocr_line' id='line_1_22' title="bbox 195 2509 1355 2576; baseline -0.003 -4"><span class='ocrx_word' id='word_1_180' title='bbox 195 2525 270 2572; x_wconf 85' lang='lat' dir='ltr'><strong>eum</strong></span> <span class='ocrx_word' id='word_1_181' title='bbox 302 2509 549 2576; x_wconf 77' lang='lat' dir='ltr'><strong>adhaerentibus</strong></span> <span class='ocrx_word' id='word_1_182' title='bbox 582 2512 818 2575; x_wconf 81' lang='lat' dir='ltr'><strong>evertebantur.</strong></span> <span class='ocrx_word' id='word_1_183' title='bbox 874 2509 961 2575; x_wconf 84' lang='lat' dir='ltr'><strong>Nam</strong></span> <span class='ocrx_word' id='word_1_184' title='bbox 998 2511 1045 2572; x_wconf 87' lang='lat' dir='ltr'><strong>ita</strong></span> <span class='ocrx_word' id='word_1_185' title='bbox 1080 2509 1231 2572; x_wconf 85' lang='lat' dir='ltr'><strong>diversos</strong></span> <span class='ocrx_word' id='word_1_186' title='bbox 1267 2517 1355 2572; x_wconf 84' lang='lat' dir='ltr'><strong>motu</strong></span> 
     </span>
     <span class='ocr_line' id='line_1_23' title="bbox 196 2612 1354 2699; baseline -0.002 -25"><span class='ocrx_word' id='word_1_187' title='bbox 196 2621 230 2676; x_wconf 91' lang='lat' dir='ltr'><strong>et</strong></span> <span class='ocrx_word' id='word_1_188' title='bbox 250 2612 411 2676; x_wconf 87' lang='lat' dir='ltr'><strong>violentos</strong></span> <span class='ocrx_word' id='word_1_189' title='bbox 437 2615 516 2677; x_wconf 82' lang='lat' dir='ltr'><strong>iecit</strong></span> <span class='ocrx_word' id='word_1_190' title='bbox 545 2613 666 2699; x_wconf 74' lang='lat' dir='ltr'><strong>Galea,</strong></span> <span class='ocrx_word' id='word_1_191' title='bbox 693 2614 781 2699; x_wconf 88' lang='lat' dir='ltr'><strong>quod</strong></span> <span class='ocrx_word' id='word_1_192' title='bbox 801 2616 927 2699; x_wconf 87' lang='lat' dir='ltr'><strong>omnia,</strong></span> <span class='ocrx_word' id='word_1_193' title='bbox 949 2633 1033 2698; x_wconf 82' lang='lat' dir='ltr'><strong>qaae</strong></span> <span class='ocrx_word' id='word_1_194' title='bbox 1060 2621 1165 2696; x_wconf 87' lang='lat' dir='ltr'><strong>stant,</strong></span> <span class='ocrx_word' id='word_1_195' title='bbox 1193 2617 1313 2676; x_wconf 81' lang='lat' dir='ltr'><strong>evertit</strong></span> <span class='ocrx_word' id='word_1_196' title='bbox 1334 2619 1354 2672; x_wconf 88' lang='lat' dir='ltr'><strong>et</strong></span> 
     </span>
     <span class='ocr_line' id='line_1_24' title="bbox 196 2716 1354 2803; baseline -0.002 -23"><span class='ocrx_word' id='word_1_197' title='bbox 196 2716 284 2800; x_wconf 76' lang='lat' dir='ltr'><strong>quod</strong></span> <span class='ocrx_word' id='word_1_198' title='bbox 306 2717 393 2780; x_wconf 93' lang='lat' dir='ltr'><strong>dictu</strong></span> <span class='ocrx_word' id='word_1_199' title='bbox 411 2719 555 2780; x_wconf 87' lang='lat' dir='ltr'><strong>mirabile</strong></span> <span class='ocrx_word' id='word_1_200' title='bbox 576 2728 640 2801; x_wconf 89' lang='lat' dir='ltr'><strong>est,</strong></span> <span class='ocrx_word' id='word_1_201' title='bbox 658 2719 717 2782; x_wconf 90' lang='lat' dir='ltr'><strong>sed</strong></span> <span class='ocrx_word' id='word_1_202' title='bbox 738 2723 957 2802; x_wconf 87' lang='lat' dir='ltr'><strong>verissimum,</strong></span> <span class='ocrx_word' id='word_1_203' title='bbox 980 2737 1020 2780; x_wconf 90' lang='lat' dir='ltr'><strong>ea</strong></span> <span class='ocrx_word' id='word_1_204' title='bbox 1042 2719 1179 2803; x_wconf 86' lang='lat' dir='ltr'><strong>quaein</strong></span> <span class='ocrx_word' id='word_1_205' title='bbox 1193 2719 1354 2800; x_wconf 78' lang='lat' dir='ltr'><strong>partetibus</strong></span> 
     </span>
     <span class='ocr_line' id='line_1_25' title="bbox 198 2820 1352 2908; baseline -0.003 -24"><span class='ocrx_word' id='word_1_206' title='bbox 198 2820 240 2884; x_wconf 84' lang='lat' dir='ltr'><strong>ed</strong></span> <span class='ocrx_word' id='word_1_207' title='bbox 274 2836 377 2883; x_wconf 87' lang='lat' dir='ltr'><strong>uncos</strong></span> <span class='ocrx_word' id='word_1_208' title='bbox 413 2821 615 2906; x_wconf 80' lang='lat' dir='ltr'><strong>pendebant,</strong></span> <span class='ocrx_word' id='word_1_209' title='bbox 658 2823 699 2886; x_wconf 92' lang='lat' dir='ltr'><strong>de</strong></span> <span class='ocrx_word' id='word_1_210' title='bbox 742 2827 835 2888; x_wconf 89' lang='lat' dir='ltr'><strong>uncis</strong></span> <span class='ocrx_word' id='word_1_211' title='bbox 874 2824 1101 2908; x_wconf 82' lang='lat' dir='ltr'><strong>solvebantur,</strong></span> <span class='ocrx_word' id='word_1_212' title='bbox 1136 2831 1169 2884; x_wconf 91' lang='lat' dir='ltr'><strong>et</strong></span> <span class='ocrx_word' id='word_1_213' title='bbox 1199 2823 1352 2887; x_wconf 78' lang='lat' dir='ltr'><strong>cadebant</strong></span> 
     </span>
     <span class='ocr_line' id='line_1_26' title="bbox 198 2923 1353 3011; baseline 0.001 -25"><span class='ocrx_word' id='word_1_214' title='bbox 198 2923 357 3002; x_wconf 80' lang='lat' dir='ltr'><strong>Quamvis</strong></span> <span class='ocrx_word' id='word_1_215' title='bbox 399 2933 507 2990; x_wconf 82' lang='lat' dir='ltr'><strong>antem</strong></span> <span class='ocrx_word' id='word_1_216' title='bbox 551 2929 662 2991; x_wconf 75' lang='lat' dir='ltr'><strong>navis</strong></span> <span class='ocrx_word' id='word_1_217' title='bbox 690 2929 795 2992; x_wconf 87' lang='lat' dir='ltr'><strong>inerat</strong></span> <span class='ocrx_word' id='word_1_218' title='bbox 838 2931 995 2995; x_wconf 90' lang='lat' dir='ltr'><strong>bitumine</strong></span> <span class='ocrx_word' id='word_1_219' title='bbox 1037 2929 1178 3011; x_wconf 85' lang='lat' dir='ltr'><strong>undique</strong></span> <span class='ocrx_word' id='word_1_220' title='bbox 1207 2927 1301 2991; x_wconf 88' lang='lat' dir='ltr'><strong>linita</strong></span> <span class='ocrx_word' id='word_1_221' title='bbox 1331 2935 1353 2987; x_wconf 85' lang='lat' dir='ltr'><strong>et</strong></span> 
     </span>
     <span class='ocr_line' id='line_1_27' title="bbox 198 3029 1352 3118; baseline 0.006 -27"><span class='ocrx_word' id='word_1_222' title='bbox 198 3029 283 3114; x_wconf 92' lang='lat' dir='ltr'><strong>aliis,</strong></span> <span class='ocrx_word' id='word_1_223' title='bbox 310 3030 427 3114; x_wconf 83' lang='lat' dir='ltr'><strong>quibus</strong></span> <span class='ocrx_word' id='word_1_224' title='bbox 450 3050 553 3114; x_wconf 86' lang='lat' dir='ltr'><strong>aquae</strong></span> <span class='ocrx_word' id='word_1_225' title='bbox 574 3034 743 3116; x_wconf 79' lang='lat' dir='ltr'><strong>ingressus</strong></span> <span class='ocrx_word' id='word_1_226' title='bbox 775 3045 808 3097; x_wconf 86' lang='lat' dir='ltr'><strong>et</strong></span> <span class='ocrx_word' id='word_1_227' title='bbox 820 3037 986 3100; x_wconf 87' lang='lat' dir='ltr'><strong>instillatio</strong></span> <span class='ocrx_word' id='word_1_228' title='bbox 1008 3035 1201 3118; x_wconf 82' lang='lat' dir='ltr'><strong>prohibetur,</strong></span> <span class='ocrx_word' id='word_1_229' title='bbox 1221 3033 1352 3115; x_wconf 65' lang='grc' dir='ltr'><strong>[ΝΑ]</strong></span> 
     </span>
     <span class='ocr_line' id='line_1_28' title="bbox 196 3136 1352 3226; baseline 0.004 -27"><span class='ocrx_word' id='word_1_230' title='bbox 196 3137 231 3199; x_wconf 91' lang='lat' dir='ltr'><strong>in</strong></span> <span class='ocrx_word' id='word_1_231' title='bbox 247 3136 324 3208; x_wconf 76' lang='lat' dir='ltr'><strong>¹hac</strong></span> <span class='ocrx_word' id='word_1_232' title='bbox 345 3145 452 3200; x_wconf 87' lang='lat' dir='ltr'><strong>tamen</strong></span> <span class='ocrx_word' id='word_1_233' title='bbox 473 3145 666 3219; x_wconf 86' lang='lat' dir='ltr'><strong>tempestate</strong></span> <span class='ocrx_word' id='word_1_234' title='bbox 687 3158 773 3223; x_wconf 87' lang='lat' dir='ltr'><strong>aqua</strong></span> <span class='ocrx_word' id='word_1_235' title='bbox 791 3159 850 3223; x_wconf 92' lang='lat' dir='ltr'><strong>per</strong></span> <span class='ocrx_word' id='word_1_236' title='bbox 863 3143 1069 3226; x_wconf 87' lang='lat' dir='ltr'><strong>insuspectas</strong></span> <span class='ocrx_word' id='word_1_237' title='bbox 1090 3143 1188 3210; x_wconf 83' lang='lat' dir='ltr'><strong>rinae</strong></span> <span class='ocrx_word' id='word_1_238' title='bbox 1202 3139 1352 3223; x_wconf 80' lang='lat' dir='ltr'><strong>ingredie-</strong></span> 
     </span>
     <span class='ocr_line' id='line_1_29' title="bbox 197 3241 1350 3329; baseline 0.002 -23"><span class='ocrx_word' id='word_1_239' title='bbox 197 3242 292 3307; x_wconf 85' lang='lat' dir='ltr'><strong>batur</strong></span> <span class='ocrx_word' id='word_1_240' title='bbox 320 3241 480 3328; x_wconf 88' lang='lat' dir='ltr'><strong>undique,</strong></span> <span class='ocrx_word' id='word_1_241' title='bbox 505 3245 554 3306; x_wconf 87' lang='lat' dir='ltr'><strong>lta</strong></span> <span class='ocrx_word' id='word_1_242' title='bbox 587 3243 672 3327; x_wconf 83' lang='lat' dir='ltr'><strong>qaod</strong></span> <span class='ocrx_word' id='word_1_243' title='bbox 699 3247 733 3307; x_wconf 92' lang='lat' dir='ltr'><strong>in</strong></span> <span class='ocrx_word' id='word_1_244' title='bbox 762 3255 830 3309; x_wconf 88' lang='lat' dir='ltr'><strong>tota</strong></span> <span class='ocrx_word' id='word_1_245' title='bbox 857 3250 968 3310; x_wconf 87' lang='lat' dir='ltr'><strong>carina</strong></span> <span class='ocrx_word' id='word_1_246' title='bbox 996 3267 1061 3310; x_wconf 94' lang='lat' dir='ltr'><strong>non</strong></span> <span class='ocrx_word' id='word_1_247' title='bbox 1094 3247 1155 3310; x_wconf 83' lang='lat' dir='ltr'><strong>tuit</strong></span> <span class='ocrx_word' id='word_1_248' title='bbox 1182 3245 1350 3329; x_wconf 85' lang='lat' dir='ltr'><strong>quidquam,</strong></span> 
     </span>
     <span class='ocr_line' id='line_1_30' title="bbox 198 3349 1349 3433; baseline 0.002 -22"><span class='ocrx_word' id='word_1_249' title='bbox 198 3349 285 3432; x_wconf 90' lang='lat' dir='ltr'><strong>qnod</strong></span> <span class='ocrx_word' id='word_1_250' title='bbox 305 3369 371 3413; x_wconf 81' lang='grc' dir='ltr'>ιιιιι</span> <span class='ocrx_word' id='word_1_251' title='bbox 392 3357 481 3414; x_wconf 87' lang='lat' dir='ltr'><strong>esset</strong></span> <span class='ocrx_word' id='word_1_252' title='bbox 503 3351 536 3412; x_wconf 91' lang='lat' dir='ltr'><strong>in</strong></span> <span class='ocrx_word' id='word_1_253' title='bbox 567 3367 667 3433; x_wconf 88' lang='lat' dir='ltr'><strong>aqua,</strong></span> <span class='ocrx_word' id='word_1_254' title='bbox 703 3349 778 3414; x_wconf 88' lang='lat' dir='ltr'><strong>lecti</strong></span> <span class='ocrx_word' id='word_1_255' title='bbox 805 3356 908 3415; x_wconf 81' lang='lat' dir='ltr'><strong>nostri</strong></span> <span class='ocrx_word' id='word_1_256' title='bbox 931 3360 963 3414; x_wconf 89' lang='lat' dir='ltr'><strong>et</strong></span> <span class='ocrx_word' id='word_1_257' title='bbox 984 3353 1091 3416; x_wconf 91' lang='lat' dir='ltr'><strong>omnia</strong></span> <span class='ocrx_word' id='word_1_258' title='bbox 1118 3351 1349 3432; x_wconf 74' lang='lat' dir='ltr'><strong>crammelino,</strong></span> 
     </span>
     <span class='ocr_line' id='line_1_31' title="bbox 198 3455 1349 3540; baseline 0.002 -26"><span class='ocrx_word' id='word_1_259' title='bbox 198 3470 302 3535; x_wconf 88' lang='lat' dir='ltr'><strong>panes</strong></span> <span class='ocrx_word' id='word_1_260' title='bbox 331 3455 475 3518; x_wconf 87' lang='lat' dir='ltr'><strong>biscotae</strong></span> <span class='ocrx_word' id='word_1_261' title='bbox 504 3464 536 3518; x_wconf 88' lang='lat' dir='ltr'><strong>et</strong></span> <span class='ocrx_word' id='word_1_262' title='bbox 557 3456 659 3521; x_wconf 81' lang='lat' dir='ltr'><strong>nostri</strong></span> <span class='ocrx_word' id='word_1_263' title='bbox 685 3456 866 3537; x_wconf 88' lang='lat' dir='ltr'><strong>paximates</strong></span> <span class='ocrx_word' id='word_1_264' title='bbox 896 3457 951 3520; x_wconf 90' lang='lat' dir='ltr'><strong>vel</strong></span> <span class='ocrx_word' id='word_1_265' title='bbox 972 3457 1161 3540; x_wconf 37' lang='lat' dir='ltr'><strong>panimueii,¹</strong></span> <span class='ocrx_word' id='word_1_266' title='bbox 1175 3473 1254 3538; x_wconf 74' lang='lat' dir='ltr'><strong>aque</strong></span> <span class='ocrx_word' id='word_1_267' title='bbox 1273 3465 1349 3519; x_wconf 85' lang='lat' dir='ltr'><strong>tacta</strong></span> 
     </span>
     <span class='ocr_line' id='line_1_32' title="bbox 197 3557 1348 3626; baseline 0.002 -8"><span class='ocrx_word' id='word_1_268' title='bbox 197 3559 232 3618; x_wconf 89' lang='lat' dir='ltr'><strong>in</strong></span> <span class='ocrx_word' id='word_1_269' title='bbox 263 3557 397 3620; x_wconf 88' lang='lat' dir='ltr'><strong>nihilum</strong></span> <span class='ocrx_word' id='word_1_270' title='bbox 426 3569 502 3622; x_wconf 88' lang='lat' dir='ltr'><strong>sunt</strong></span> <span class='ocrx_word' id='word_1_271' title='bbox 533 3562 676 3625; x_wconf 83' lang='lat' dir='ltr'><strong>reducta.</strong></span> <span class='ocrx_word' id='word_1_272' title='bbox 729 3563 768 3623; x_wconf 90' lang='lat' dir='ltr'><strong>In</strong></span> <span class='ocrx_word' id='word_1_273' title='bbox 797 3565 907 3626; x_wconf 72' lang='lat' dir='ltr'><strong>camna</strong></span> <span class='ocrx_word' id='word_1_274' title='bbox 943 3561 1079 3624; x_wconf 81' lang='lat' dir='ltr'><strong>inferius</strong></span> <span class='ocrx_word' id='word_1_275' title='bbox 1116 3561 1176 3624; x_wconf 86' lang='lat' dir='ltr'><strong>tuit</strong></span> <span class='ocrx_word' id='word_1_276' title='bbox 1205 3568 1299 3622; x_wconf 90' lang='lat' dir='ltr'><strong>terror</strong></span> <span class='ocrx_word' id='word_1_277' title='bbox 1324 3569 1348 3622; x_wconf 86' lang='lat' dir='ltr'><strong>et</strong></span> 
     </span>
     <span class='ocr_line' id='line_1_33' title="bbox 198 3662 1347 3750; baseline 0.003 -26"><span class='ocrx_word' id='word_1_278' title='bbox 198 3662 347 3746; x_wconf 82' lang='lat' dir='ltr'><strong>miseria-3</strong></span> <span class='ocrx_word' id='word_1_279' title='bbox 372 3666 524 3747; x_wconf 81' lang='lat' dir='ltr'><strong>superius</strong></span> <span class='ocrx_word' id='word_1_280' title='bbox 543 3686 622 3728; x_wconf 89' lang='lat' dir='ltr'><strong>vero</strong></span> <span class='ocrx_word' id='word_1_281' title='bbox 643 3666 788 3728; x_wconf 86' lang='lat' dir='ltr'><strong>laboret</strong></span> <span class='ocrx_word' id='word_1_282' title='bbox 809 3669 968 3750; x_wconf 83' lang='lat' dir='ltr'><strong>angustia.</strong></span> <span class='ocrx_word' id='word_1_283' title='bbox 999 3668 1129 3729; x_wconf 88' lang='lat' dir='ltr'><strong>Ventus</strong></span> <span class='ocrx_word' id='word_1_284' title='bbox 1151 3665 1253 3728; x_wconf 85' lang='lat' dir='ltr'><strong>velum</strong></span> <span class='ocrx_word' id='word_1_285' title='bbox 1265 3683 1347 3748; x_wconf 80' lang='lat' dir='ltr'><strong>mag-</strong></span> 
     </span>
     <span class='ocr_line' id='line_1_34' title="bbox 198 3769 1346 3854; baseline -0.001 -24"><span class='ocrx_word' id='word_1_286' title='bbox 198 3785 277 3830; x_wconf 89' lang='lat' dir='ltr'><strong>num</strong></span> <span class='ocrx_word' id='word_1_287' title='bbox 306 3769 339 3829; x_wconf 84' lang='lat' dir='ltr'><strong>in</strong></span> <span class='ocrx_word' id='word_1_288' title='bbox 369 3771 476 3850; x_wconf 85' lang='lat' dir='ltr'><strong>petias</strong></span> <span class='ocrx_word' id='word_1_289' title='bbox 514 3769 710 3832; x_wconf 69' lang='lat' dir='ltr'><strong>dilaceravit.</strong></span> <span class='ocrx_word' id='word_1_290' title='bbox 755 3770 832 3835; x_wconf 88' lang='lat' dir='ltr'><strong>Ideo</strong></span> <span class='ocrx_word' id='word_1_291' title='bbox 865 3783 1037 3838; x_wconf 87' lang='lat' dir='ltr'><strong>antennam</strong></span> <span class='ocrx_word' id='word_1_292' title='bbox 1069 3771 1290 3854; x_wconf 81' lang='lat' dir='ltr'><strong>submiserunt,</strong></span> <span class='ocrx_word' id='word_1_293' title='bbox 1321 3778 1346 3830; x_wconf 88' lang='lat' dir='ltr'><strong>et</strong></span> 
     </span>
     <span class='ocr_line' id='line_1_35' title="bbox 199 3871 1344 3969; baseline 0.001 -35"><span class='ocrx_word' id='word_1_294' title='bbox 199 3871 309 3936; x_wconf 92' lang='lat' dir='ltr'><strong>velum</strong></span> <span class='ocrx_word' id='word_1_295' title='bbox 331 3873 437 3958; x_wconf 87' lang='lat' dir='ltr'><strong>aliud,</strong></span> <span class='ocrx_word' id='word_1_296' title='bbox 468 3873 554 3957; x_wconf 89' lang='lat' dir='ltr'><strong>quod</strong></span> <span class='ocrx_word' id='word_1_297' title='bbox 582 3875 748 3937; x_wconf 87' lang='lat' dir='ltr'><strong>nominant</strong></span> <span class='ocrx_word' id='word_1_298' title='bbox 779 3879 947 3964; x_wconf 81' lang='lat' dir='ltr'><strong>papafigo,</strong></span> <span class='ocrx_word' id='word_1_299' title='bbox 975 3877 1226 3969; x_wconf 77' lang='lat' dir='ltr'><strong>tempestatibus¹</strong></span> <span class='ocrx_word' id='word_1_300' title='bbox 1241 3883 1344 3957; x_wconf 86' lang='lat' dir='ltr'><strong>aptum,</strong></span> 
     </span>
     <span class='ocr_line' id='line_1_36' title="bbox 199 3976 1343 4066; baseline 0.003 -28"><span class='ocrx_word' id='word_1_301' title='bbox 199 3976 439 4060; x_wconf 84' lang='lat' dir='ltr'><strong>appenderunt:</strong></span> <span class='ocrx_word' id='word_1_302' title='bbox 462 3977 523 4040; x_wconf 90' lang='lat' dir='ltr'><strong>sed</strong></span> <span class='ocrx_word' id='word_1_303' title='bbox 546 3997 620 4042; x_wconf 89' lang='lat' dir='ltr'><strong>cum</strong></span> <span class='ocrx_word' id='word_1_304' title='bbox 640 3997 770 4046; x_wconf 88' lang='lat' dir='ltr'><strong>sursum</strong></span> <span class='ocrx_word' id='word_1_305' title='bbox 791 3993 965 4047; x_wconf 87' lang='lat' dir='ltr'><strong>antennam</strong></span> <span class='ocrx_word' id='word_1_306' title='bbox 986 4001 1060 4046; x_wconf 90' lang='lat' dir='ltr'><strong>cum</strong></span> <span class='ocrx_word' id='word_1_307' title='bbox 1082 3981 1262 4066; x_wconf 82' lang='lat' dir='ltr'><strong>complicato</strong></span> <span class='ocrx_word' id='word_1_308' title='bbox 1279 3981 1343 4044; x_wconf 87' lang='lat' dir='ltr'><strong>velo</strong></span> 
     </span>
     <span class='ocr_line' id='line_1_37' title="bbox 200 4080 1341 4167; baseline 0.006 -23"><span class='ocrx_word' id='word_1_309' title='bbox 200 4085 396 4167; x_wconf 84' lang='lat' dir='ltr'><strong>traxissent,</strong></span> <span class='ocrx_word' id='word_1_310' title='bbox 436 4091 468 4147; x_wconf 88' lang='lat' dir='ltr'><strong>ct</strong></span> <span class='ocrx_word' id='word_1_311' title='bbox 504 4080 680 4150; x_wconf 81' lang='lat' dir='ltr'><strong>Gelestreli</strong></span> <span class='ocrx_word' id='word_1_312' title='bbox 717 4089 879 4152; x_wconf 85' lang='lat' dir='ltr'><strong>marinarii</strong></span> <span class='ocrx_word' id='word_1_313' title='bbox 914 4090 975 4153; x_wconf 90' lang='lat' dir='ltr'><strong>sub</strong></span> <span class='ocrx_word' id='word_1_314' title='bbox 1011 4097 1186 4152; x_wconf 85' lang='lat' dir='ltr'><strong>antennam</strong></span> <span class='ocrx_word' id='word_1_315' title='bbox 1213 4086 1341 4150; x_wconf 84' lang='lat' dir='ltr'><strong>sedentes</strong></span> 
     </span>
     <span class='ocr_line' id='line_1_38' title="bbox 201 4172 1342 4281; baseline 0.005 -33"><span class='ocrx_word' id='word_1_316' title='bbox 201 4185 357 4270; x_wconf 73' lang='lat' dir='ltr'><strong>ligamine</strong></span> <span class='ocrx_word' id='word_1_317' title='bbox 377 4189 576 4272; x_wconf 86' lang='lat' dir='ltr'><strong>solvissent,</strong></span> <span class='ocrx_word' id='word_1_318' title='bbox 598 4198 630 4252; x_wconf 87' lang='lat' dir='ltr'><strong>et</strong></span> <span class='ocrx_word' id='word_1_319' title='bbox 660 4172 770 4257; x_wconf 76' lang='lat' dir='ltr'><strong>velum</strong></span> <span class='ocrx_word' id='word_1_320' title='bbox 789 4191 939 4256; x_wconf 87' lang='lat' dir='ltr'><strong>deorsum</strong></span> <span class='ocrx_word' id='word_1_321' title='bbox 967 4191 1115 4273; x_wconf 84' lang='lat' dir='ltr'><strong>caderet,</strong></span> <span class='ocrx_word' id='word_1_322' title='bbox 1148 4189 1342 4281; x_wconf 83' lang='lat' dir='ltr'><strong>Galeotaeque</strong></span> 
     </span>
    </p>
   </div>
   <div class='ocr_carea' id='block_1_4' title="bbox 0 0 1462 4850">
    <p class='ocr_par' dir='ltr' id='par_1_5' title="bbox 0 0 1462 4850">
     <span class='ocr_line' id='line_1_39' title="bbox 0 0 1462 4850; baseline 0 1"><span class='ocrx_word' id='word_1_323' title='bbox 0 0 1462 4850; x_wconf 95' lang='lat' dir='ltr'><strong> </strong></span> 
     </span>
    </p>
   </div>
  </div>
 </body>
</html>
