2780 4776
93 366 226 434 Patrem
244 369 462 455 Gordianum,
482 379 515 435 ct
535 368 665 437 Patrem
686 371 822 437 Paulum
843 372 1071 462 (iringlr'nger,
1092 374 1125 440 e't
1146 385 1269 460 patrem

91 476 307 560 Peregrinum
328 477 495 560 Polannm,
523 486 557 541 ct
577 478 716 542 fratrem
730 477 912 542 Johrnuem
935 479 976 544 de
997 481 1145 566 Brnssio,
1166 501 1271 566 expe-,-

92 581 263 646 rieutiores
285 589 316 644 et
339 585 506 664 seniores,
534 589 568 644 et
592 583 711 648 fratres
736 585 886 667 antiquos
914 593 948 648 et
967 585 1104 652 devotos
1131 588 1269 654 clericos

38 731 41 736 -
65 725 67 728 -
91 695 127 750 et
147 695 343 771 conversos,
364 687 424 752 sed
445 685 556 770 nullus
579 697 839 772 eorumpoterrt
859 689 937 762 milri
957 691 1129 774 quicquam
1150 691 1268 776 dicere,

91 801 127 856 et
147 791 282 858 videbar
301 793 368 877 eis,
394 792 481 876 quod
501 791 689 878 delirorum,
711 812 880 878 quousque
900 794 1028 860 ostendi
1049 799 1099 860 eis
1122 797 1269 882 descrip-

90 899 212 962 tionem
233 898 343 962 fratris
363 896 530 980 numeru,
552 914 649 983 quom
669 917 796 964 mecum
817 899 924 984 habui,
943 909 978 974 ‚et
997 919 1105 966 meum
1126 905 1268 985 primum¹

91 1005 334 1087 evagatorium,
359 1004 393 1066 in
425 1003 543 1088 quibus
562 1005 740 1069 manifeste
761 1005 952 1081 halebatur.
993 1006 1118 1070 Multos
1137 1007 1268 1072 labores

88 1109 189 1172 habui
208 1127 268 1192 per
287 1114 430 1200 merrtem
454 1102 664 1195 discurram
689 1120 723 1174 et
744 1110 933 1194 quaerendo
953 1129 1013 1194 pro
1023 1130 1073 1196 eo,
1091 1111 1178 1196 quod
1193 1129 1268 1176 cers

88 1222 145 1276 tus
167 1231 249 1295 sum,
270 1212 357 1296 ‚quod
373 1211 572 1325 impossibile
593 1215 795 1297 sit-petram
814 1215 903 1284 illam
921 1233 941 1278 a
958 1215 1030 1280 loco
1048 1216 1184 1298 moveri,
1201 1215 1267 1280 uisi

90 1317 294 1382 miraculose.
336 1317 411 1387 Nec
431 1325 508 1380 sunt
527 1335 614 1381 nova
634 1318 782 1384 aedilicio
802 1321 847 1384 ibi
869 1329 994 1402 uecta,
1016 1330 1050 1384 et
1070 1339 1091 1384 a
1112 1329 1266 1404 tempore,

89 1443 160 1510 quo,
176 1426 265 1506 prius
286 1423 365 1506 vidi,
389 1441 454 1517 uon
474 1422 639 1510 flunenurt
656 1425 720 1488 nisi
742 1423 805 1488 duo
827 1428 913 1510 anni,
935 1433 970 1490 et
991 1426 1156 1509 inquietus
1168 1423 1266 1488 hodie

88 1549 162 1594 sum
184 1549 241 1611 pro
259 1527 444 1612 ‘perditione
465 1526 553 1606 illius
573 1526 646 1590 loci.
676 1529 770 1594 Etsi
791 1530 918 1615 scirem,
943 1532 1075 1596 fratrem
1084 1530 1265 1594 Antonium

91 1635 134 1698 de
149 1618 321 1730 Flendria,
333 1633 463 1699 Ordinis
483 1633 656 1716 Minorum,
678 1636 734 1720 qui
754 1645 832 1700 tuu'c
852 1637 996 1702 locorum
1017 1644 1168 1724 ostensor
1189 1634 1265 1720 fue-2

88 1750 150 1826 rat,
172 1737 226 1804 ubi
248 1738 356 1822 degat,
383 1723 457 1802 eur'n
477 1737 567 1800 odire
588 1739 717 1823 vellem,
743 1741 773 1804 si
793 1742 956 1806 licentiam
980 1741 1103 1821 habero¹
1121 1757 1264 1824 possam,

90 1849 216 1912 etiamsi
240 1847 274 1921 in
295 1820 417 1926 An'glra
448 1852 548 1906 essct.
590 1843 749 1924 Quamvis
776 1848 861 1909 enim
883 1845 1117 1929 llvangelistae
1138 1845 1180 1908 de
1199 1847 1264 1910 hac

87 1961 183 2039 petra
211 1949 292 2037 nihil
313 1948 421 2012 dicant
428 1993 439 2031 ,
469 1969 531 2014 neo
558 1949 727 2032 Scriptura
747 1950 904 2012 canoniea
932 1950 1129 2057 menpiortem
1152 1947 1263 2046 faciat,

87 2053 227 2136 libenter
245 2063 355 2119 tamen
375 2051 551 2138 vidissem,
571 2055 657 2120 siout
684 2062 721 2137 ‚pt
739 2053 845 2136 *plura
872 2052 936 2115 elia
957 2052 1047 2137 loca,
1083 2051 1124 2116 de
1145 2054 1263 2138 quium

86 2161 320 2246 Evan'gelistoo
342 2176 406 2222 non
424 2157 648 2248 determinant,
670 2159 810 2224 vidimus
830 2168 862 2222 et
877 2159 1024 2221 venerati
1044 2175 1169 2224 sumus.
1188 2158 1262 2222 Ne*

87 2269 256 2352 gligentio,
279 2270 382 2328 mater
402 2262 586 2350 oblivionis,
608 2266 696 2330 hunc
716 2265 823 2336 locum
844 2263 937 2329 nobis
956 2259 1099 2326 obstruit.
1128 2264 1262 2328 Verun-

87 2383 197 2437 tamen
219 2371 304 2436 milri·
316 2369 446 2432 auferre·
464 2387 529 2432 non
548 2370 669 2454 potuit,
692 2371 770 2454 quin
798 2369 904 2435 locum
925 2368 1031 2452 ipsum
1051 2366 1204 2452 viderim,
1228 2377 1261 2431 ot

86 2479 160 2562 ejus¹
189 2479 334 2561 speciem
361 2483 528 2546 recentem
560 2474 647 2557 apud
674 2494 727 2538 me
755 2475 901 2539 habeam.
944 2472 1059 2537 Simile
1079 2472 1260 2556 prodigium

88 2583 203 2648 recitet
224 2577 421 2644 venerabilis
446 2571 537 2643 B'eda
564 2581 745 2664 contigisse
772 2581 805 2643 in
826 2579 1012 2662 Nazareth,
1044 2580 1132 2642 circa
1152 2578 1260 2642 locum

87 2685 362 2772 praecipitationis
384 2683 524 2769 Christi,
545 2683 586 2753 de
608 2704 671 2768 quo
693 2684 830 2749 habetur
849 2686 962 2749 Lucae
981 2687 1012 2749 4.
1056 2682 1150 2748 Unde
1170 2682 1260 2766 dicit,

87 2789 174 2876 quod
196 2808 268 2854 com
287 2790 447 2854 Dominus
468 2789 678 2854 demonibus
699 2775 897 2854 Judaeorum
918 2789 1051 2874 clapsus
1072 2777 1260 2853 de'verttce

79 2897 208 2958 ,montis
229 2893 441 2958 descenderet
460 2903 493 2956 et
513 2895 576 2957 sub
596 2915 676 2978 rupe
697 2895 799 2990 latere
814 2894 932 2976 vellet,
956 2895 1064 2959 subito
1080 2894 1122 2958 ad
1138 2903 1260 2958 tactum

88 3000 267 3065 dominicae
288 3000 392 3062 vestis
413 3016 531 3062 sanum
550 2998 630 3062 illud
650 2996 853 3082 subterfugit,
876 3008 909 3062 et
929 2999 1032 3062 instar
1053 3018 1150 3064 cerae
1168 2999 1261 3064 solu-

85 3116 141 3169 tae
172 3101 332 3189 quendam
351 3104 458 3168 sinum
481 3103 603 3189 effecit,
624 3104 645 3167 i.
668 3124 696 3166 e.
720 3104 966 3187 concavitatem,
986 3105 1020 3167 in
1039 3123 1103 3187 qua
1121 3105 1259 3180 domini-

87 3229 162 3274 cum
183 3229 301 3294 corpus
323 3209 532 3294 reciperetur,
552 3211 587 3274 in
608 3201 672 3294 quo
694 3209 766 3274 loco
781 3209 888 3276 omnia
899 3207 1096 3281 lineamento
1112 3214 1147 3269 ct
1158 3227 1259 3290 rugae

86 3315 142 3379 vel
173 3315 278 3398 plicae
304 3318 411 3380 vestis
434 3323 471 3386 ¹ct
497 3316 638 3399 vestigia
663 3315 781 3399 pedum
810 3315 844 3378 in
865 3331 946 3396 rupe
965 3319 1121 3396 apparent
1143 3312 1258 3406 adhuc,

24 3473 29 3480 .
85 3420 172 3486 sicut
209 3429 369 3492 testentur
406 3420 472 3512 hi,
487 3419 544 3502 qui
568 3419 728 3486 viderunt.
753 3423 865 3487 ·Hneo
891 3418 982 3502 Lyra
1004 3417 1045 3486 fr.
1070 3415 1113 3479 id.
1156 3416 1259 3496 Jesus

84 3535 196 3592 autem
215 3535 385 3590 trausoens
411 3542 470 3606 per
492 3523 632 3590 medium
652 3525 780 3590 illorum
799 3522 883 3608 ibat,
912 3522 987 3616 Joh.
1009 3521 1067 3586 1v.
1090 3521 1259 3606 leguntur

84 3633 183 3698 etiam
202 3630 309 3696 simila
329 3629 371 3694 de
391 3627 500 3692 multis
521 3627 664 3714 Sanctis,
684 3609 935 3714 quinus'divinr
955 3628 1075 3694 virtute
1088 3634 1257 3712 cesserunt
1282 3664 1287 3672 =

82 3744 207 3822 petrae,
227 3735 283 3798 vel
304 3716 538 3820 liquescerrmt,
554 3733 640 3806 siout
658 3732 699 3796 de
720 3732 757 3797 S.
777 3735 930 3802 Barbara.

101 3983 261 4079 Locus,
286 3981 348 4104 ubi
371 3979 502 4058 videns
526 3981 645 4058 lesus
668 3980 855 4058 civitaten
881 3982 987 4059 flevit
1011 4004 1122 4090 super
1142 4005 1232 4060 eom.

163 4169 197 4232 A
216 4170 291 4234 loco
310 4164 538 4252 captivationis
560 4163 767 4232 flaminium
781 4169 989 4252 removimus,
1010 4175 1042 4230 et
1061 4164 1259 4230 altomontis

83 4273 277 4359 parvinus,
307 4281 341 4337 α
370 4268 739 4356 corrumpundum
767 4274 975 4357 praeeipuam
1007 4281 1042 4336 et
1070 4268 1259 4354 lapidosam,
