2784 4772
105 313 287 392 asinorum,
318 315 353 372 et
372 309 507 371 stabant
528 307 660 370 armani
681 325 743 372 nos
763 315 1013 390 exspectantes,
1046 315 1197 394 atquem
1215 312 1282 374 cito

106 416 302 500 peregrinus
324 416 358 474 in
377 411 508 500 planum
529 415 635 496 verrit,
656 415 792 496 arripuit
818 432 890 476 eum
911 415 1089 495 proximior
1110 417 1281 499 asirtarins,

106 531 140 584 et
161 521 254 584 duxit
287 539 360 583 eum
383 516 424 580 ad
447 520 557 582 asinos
585 535 672 581 suos.
716 517 811 582 Unde
846 535 1075 601 nonnunquam
1106 520 1281 603 contingit,

107 627 195 711 qnod
215 627 280 689 dno
301 623 356 688 vel
378 628 449 685 tres
469 623 600 686 trabunt
629 643 727 687 unum
749 625 971 706 peregrinam,
1005 642 1089 687 turns
1121 623 1162 686 ad
1194 624 1281 688 iliam

106 739 245 815 partem,
266 731 348 793 alius
370 729 412 790 ad
434 729 547 790 aliam:
570 731 657 812 qaia,
672 735 845 812 postquam
866 728 982 791 rustici
1001 730 1035 790 in
1056 728 1146 791 villis
1168 731 1282 812 proni·-

107 838 171 899 mis
199 836 336 899 andiunt
357 835 548 917 peregrinos
569 833 610 896 ad
632 851 723 918 esse,
754 833 919 899 adducunt
948 833 1065 897 multos
1096 833 1224 917 asinus,
1247 841 1281 896 et

107 942 220 1024 plnres
242 959 337 1023 quam
359 941 427 1002 sint
447 942 620 1022 peregrini.
664 937 741 1002 ldeo
764 939 901 1022 quilibet
920 947 1054 1001 conatur
1074 942 1281 1020 peregrinum

105 1046 148 1108 ad
170 1064 249 1108 suos
284 1046 396 1108 asinos
417 1044 548 1113 ducere.
590 1044 681 1107 Unus
715 1045 800 1107 anim
830 1043 1031 1106 sarracenus
1063 1042 1193 1106 adducit
1214 1041 1280 1106 Vll

105 1152 161 1214 vel
195 1151 274 1213 Vlll
305 1151 433 1230 asinos,
465 1152 521 1233 qni
542 1151 594 1211 sni
615 1158 700 1210 sunt.
745 1149 869 1212 Idcirco
900 1150 1079 1230 contingit,
1106 1146 1193 1230 quud
1214 1165 1280 1210 nou

105 1265 183 1319 surrt
205 1256 268 1317 nisi
292 1254 423 1318 ducenti
444 1255 627 1337 peregrini,¹
648 1261 683 1314 ot
703 1252 906 1316 adducuntur
930 1253 1159 1337 quadringenti
1178 1253 1279 1334 asini3

105 1362 182 1426 idco
205 1361 333 1422 asinarii
355 1357 450 1422 simul
470 1358 669 1422 contendunt
687 1377 748 1440 pro
776 1362 976 1442 peregrinis,
1007 1368 1041 1422 et
1064 1359 1199 1422 trabunt
1221 1375 1279 1420 ecs

104 1468 184 1530 binc
205 1472 239 1526 et
271 1464 363 1528 inde:
400 1465 562 1549 quiaille,
585 1462 743 1548 adquam
774 1463 882 1526 nulius
914 1469 1108 1549 peregrinus
1138 1465 1279 1546 veniret,

103 1573 211 1654 gratis
232 1589 304 1632 oum
332 1571 402 1634 suis
435 1572 537 1631 asinis
565 1568 764 1632 advenisset.
811 1571 907 1632 liano
928 1587 995 1634 rem
1016 1573 1050 1632 in
1080 1569 1183 1652 prima
1208 1585 1281 1630 moa

104 1677 369 1760 peregrinatione
394 1694 459 1736 non
491 1675 656 1758 intellexi,
693 1684 823 1737 etcum
851 1675 1112 1756 descendissem,
1140 1674 1281 1736 accurrit

105 1799 195 1846 nnus
215 1781 353 1844 Maurus
379 1781 488 1863 niger,
522 1789 556 1842 et
584 1783 768 1864 importune
804 1783 938 1862 arripnit
966 1801 1032 1864 me,
1064 1781 1193 1842 trabere
1222 1797 1277 1842 nto

103 1887 223 1950 volem
245 1884 286 1948 ad
301 1887 465 1948 asinorum
481 1903 625 1969 gregem,
640 1885 733 1966 juxta
746 1903 840 1967 quem
861 1893 930 1947 erat
942 1883 1097 1948 mirabilis
1110 1883 1275 1948 tumultus.

101 1993 178 2074 ligo
200 2010 279 2054 vero
301 1994 420 2052 timens
443 2009 485 2052 ne
507 1969 719 2075 me'spoliare
739 1989 858 2072 vellet,
879 1989 995 2052 lortius
1016 1991 1156 2070 retraxi,
1187 1997 1221 2050 et
1242 1991 1278 2052 vi

104 2115 227 2180 magna
248 2095 362 2158 mede
384 2097 532 2159 manibus
553 2096 625 2180 ejus
646 2097 794 2179 excussi,
816 2103 849 2162 et
870 2105 944 2158 cunr·
969 2095 1162 2156 festinantia
1185 2109 1280 2156 reas-

103 2200 201 2266 cendi
229 2205 264 2264 in
285 2202 401 2284 iocum,
424 2202 485 2264 ubi·
500 2205 633 2265 stabant
654 2202 811 2284 praefecti
831 2217 903 2263 oum
927 2198 1113 2283 inminibus,
1135 2206 1169 2262 et
1189 2198 1279 2262 Patri

104 2307 273 2371 Gordiano
296 2326 362 2369 rem
381 2315 508 2388 gestam
526 2311 668 2370 narravi.
700 2307 775 2368 Hoc
797 2305 934 2368 audiens
955 2301 1140 2367 Gordianus
1163 2301 1247 2366 dixit
1268 2323 1276 2364 r

102 2413 170 2476 cito
193 2415 257 2475 cito
289 2411 495 2497 descendite,
529 2413 768 2497 etquicunque
792 2429 855 2474 vos
884 2408 1004 2471 ducere
1030 2409 1132 2492 velit,
1162 2415 1280 2489 sponte

102 2535 179 2580 cum
202 2535 241 2580 eo
274 2519 329 2580 ite.
371 2519 428 2580 iiie
458 2527 566 2582 autem
605 2515 818 2580 descendenti
853 2517 996 2578 occurrit
1033 2513 1113 2576 mibi
1148 2511 1278 2596 qnidam

102 2622 326 2707 Sarraccnua,
359 2633 392 2686 et
414 2643 493 2687 casn
522 2625 636 2687 dextm
657 2641 718 2685 sua
739 2622 954 2704 apprehendit
985 2619 1131 2683 dextram
1162 2635 1279 2699 meam,

103 2737 139 2790 et
160 2725 319 2792 velociter
340 2734 497 2814 cucurrit,
531 2733 608 2814 quia
634 2729 702 2811 jam
724 2729 834 2790 cuncti
856 2729 890 2790 in
911 2727 1015 2791 asinis
1039 2722 1215 2804 sedebant3
1239 2739 1279 2784 eo

104 2849 186 2897 vero
216 2843 367 2897 currente
373 2881 384 2920 ,
420 2839 561 2920 cogebar
589 2842 623 2896 et
651 2853 712 2916 ego
746 2851 878 2896 currere
909 2830 1088 2896 lateraliter
1119 2835 1153 2890 et
1182 2826 1277 2908 male,

104 2941 199 3022 quia,
221 2946 259 3000 ut
280 2939 363 3024 dixi,
385 2959 446 3004 sua
464 2941 578 3004 dextra
595 2940 721 3003 fortiter
752 2941 884 3000 tenebat
915 2955 1019 3000 meam
1056 2933 1222 3015 dextram,
1244 2937 1279 2992 et

1 3026 5 3047 ⁸
104 3047 155 3105 ita
174 3047 324 3107 currebat
341 3034 487 3130 mecum,
516 3065 574 3130 per
593 3043 737 3126 lapides,
765 3041 806 3104 ad
829 3061 911 3126 qnos
933 3059 995 3124 ego
1018 3037 1059 3102 ad
1093 3039 1180 3102 latus
1202 3055 1280 3100 cnr-

105 3165 201 3230 rens,
223 3147 343 3210 oliendi
370 3151 581 3236 aliquotiens,
615 3156 649 3211 et
670 3147 784 3210 cecidi
828 3145 971 3209 'landem
994 3144 1036 3208 ad
1067 3147 1177 3207 asinos
1200 3159 1278 3206 suos

102 3255 254 3336 pervenit
288 3273 414 3318 mecum
447 3267 481 3320 et
507 3259 585 3321 mibi
606 3253 723 3318 bonnm
753 3255 880 3315 asirmm
913 3269 1049 3334 parvum
1086 3256 1120 3311 et
1143 3268 1186 3310 ex
1208 3255 1278 3310 toto

104 3360 235 3440 nigrum
256 3356 359 3447 dedit,
381 3371 417 3425 et
436 3364 569 3426 multam
588 3362 762 3424 amicitiam
785 3367 817 3420 et
838 3355 1097 3428 benevolentiam
1120 3353 1197 3416 mibi
1219 3371 1278 3434 per

104 3469 207 3526 totam
243 3467 377 3547 primam
412 3468 703 3552 peregrinationem
740 3461 890 3526 ostendit
946 3462 1042 3523 Licet
1075 3461 1160 3522 enim
1191 3457 1277 3520 facie

2 3617 4 3656 ;
103 3567 247 3632 erudelis
267 3569 447 3654 videretur,
481 3571 526 3633 ita
547 3571 632 3654 qnod
658 3573 691 3632 in
713 3569 871 3652 principio
895 3563 994 3629 vaide
1019 3583 1093 3626 enm
1115 3567 1276 3645 timerem,

103 3684 213 3739 tamen
234 3682 322 3738 tatus
339 3677 499 3760 benignus
518 3685 599 3757 erat,
616 3682 650 3738 et
671 3676 761 3737 miris
784 3671 949 3755 obsequiis
963 3671 1042 3732 milri
1062 3669 1276 3751 ministrabat,

104 3781 202 3844 etiarn
233 3791 404 3866 antequam
427 3784 518 3845 novit
542 3781 750 3868 ¹conditiones
772 3796 872 3842 meas.
914 3779 996 3840 Erat
1026 3783 1133 3840 antem
1159 3790 1276 3838 servus

104 3884 274 3966 cujusdam
287 3887 406 3949 domini
427 3885 611 3972 Sarraceni,
636 3906 730 3970 quam
754 3901 816 3968 ego
837 3898 901 3946 non
926 3884 1015 3965 novi,
1033 3883 1093 3966 qui·
1111 3879 1277 3943 dicebatur

106 3988 240 4073 (lalcis,
276 4001 309 4054 et
331 3995 694 4056 servus-nominabatur
715 3991 840 4074 Cassa,
881 3989 1120 4074 etquicunque
1147 4003 1276 4048 servum

103 4095 195 4158 illum
216 4113 337 4160 vocare
357 4097 475 4182 voluit,
497 4099 653 4160 ambobus
674 4099 857 4160 nominibus
883 4113 955 4159 eum
976 4093 1113 4158 vocavit
1139 4087 1277 4154 Gaieia-

1 4210 8 4234 '
104 4219 211 4266 cossa.
255 4205 300 4266 Et
320 4204 383 4268 hoc
411 4202 484 4285 (B)
510 4203 669 4268 asinarius
689 4203 795 4286 Cassa
817 4201 893 4265 mibi
915 4201 1018 4276 dixit,
1041 4196 1127 4282 quod
1148 4192 1277 4278 quando
