2608 4842
719 130 782 196 aet

165 315 346 400 peregrinio
382 312 544 396 exposuit
558 311 607 378 eie
644 311 718 393 jura
744 308 856 392 templi
887 317 919 370 et
954 303 1193 370 ordinationee
1214 303 1247 366 ai

165 427 289 502 puncto
308 419 484 482 restrinxit.

249 519 354 605 (11⁰
363 523 418 606 A)
445 521 554 588 Primo
576 521 760 604 Praecepit,
780 528 818 584 nt
840 517 986 602 quilibet
1015 515 1214 600 peregrinus
1233 534 1257 576 er

167 647 313 710 cneum,
334 646 431 710 quern
451 643 628 692 accensum
647 633 791 707 portaret
815 626 850 690 in
870 622 1126 707 precessione.
1167 623 1260 683 brine

166 734 253 798 euim
274 732 367 796 multi
382 739 578 796 mercatores
599 731 779 814 nobiscum,
792 731 852 814 ¹qui
872 745 998 794 cereos
1024 736 1065 789 et
1090 725 1158 788 alia
1176 725 1215 786 ibi
1230 721 1269 790 rel

167 839 343 906 habebant.

231 946 282 1009 t.
305 944 505 1006 Hortabatnr
536 940 748 1024 peregrinae,
774 937 861 1022 quod
888 941 925 1000 in
952 936 1193 1022 processione
1219 853 1269 1026 oui

168 1048 398 1132 procederent,
427 1055 461 1110 et
486 1065 528 1108 ne
549 1063 639 1108 unua
671 1045 809 1108 alterum
842 1045 1051 1109 molestaret
1076 1051 1116 1104 et
1137 1042 1269 1121 compunt

169 1163 205 1218 ut
225 1155 322 1218 etiam
351 1153 472 1216 dictum
502 1153 611 1214 estin
632 1151 706 1214 Vll
730 1151 865 1215 articulo
897 1151 931 1214 in
956 1149 1110 1228 llarna3
1142 1144 1200 1208 sed
1220 1147 1269 1230 quil

169 1260 226 1322 illa
242 1259 310 1340 jam
331 1256 440 1320 lieutla
460 1255 671 1340 processione
692 1254 794 1337 major
814 1259 869 1324 via,
887 1262 951 1338 eet,
974 1263 1016 1316 et
1042 1243 1269 1334 compressioi

169 1365 223 1430 bie
243 1384 318 1427 eum
338 1362 469 1446 repetiit
488 1369 522 1423 et
541 1360 652 1444 plures
678 1361 760 1426 alios
783 1363 828 1425 ibi
849 1360 963 1424 dictos.

252 1469 284 1533 8.
308 1466 404 1546 erod
427 1467 517 1530 illam
546 1476 675 1528 noctem
702 1465 774 1530 Deo
801 1466 930 1549 darent,
959 1474 997 1528 et
1026 1459 1206 1529 matutinis
1229 1453 1269 1534 etl

171 1572 290 1656 diuinis
311 1571 439 1636 0iliciie
448 1573 643 1636 interessent
663 1573 736 1636 siue
757 1572 965 1655 negligentia.
1268 1557 1269 1644 i

252 1679 283 1740 4.
306 1653 402 1754 Quod
422 1693 487 1738 nou
510 1677 656 1740 fecerent
681 1677 809 1741 domum
841 1675 999 1740 orationis
1037 1673 1181 1736 domum
1208 1679 1269 1747 negti

168 1781 288 1862 tionis,
309 1790 342 1844 et
361 1799 428 1849 non
449 1799 523 1844 cum
546 1783 779 1848 mercatoribus
800 1782 1010 1847 orientalibus
1036 1775 1226 1866 Cbrietianir

175 1895 263 1970 rent,
285 1896 318 1950 et
338 1895 466 1970 tempus
488 1889 684 1953 amitterent.
950 1897 953 1904 ’

256 1993 287 2054 5.
310 1992 452 2076 Rogavit
474 1992 680 2074 sacerdotes,
702 1992 789 2075 quod
810 1993 881 2056 siue
898 1991 1008 2074 jurgio
1032 1987 1081 2054 ad
1102 1983 1269 2072 celebratae

174 2097 352 2160 blieearum
384 2097 607 2178 procederent.
651 2097 766 2160 Solent
794 2099 879 2162 enim
911 2101 1113 2160 concertare
1146 2090 1184 2152 dc
1199 2086 1265 2148 loci·

176 2217 288 2264 omnes
309 2199 423 2263 volunt
442 2203 476 2267 iu
497 2212 610 2265 sancto
632 2203 764 2268 Domini
784 2203 956 2287 sepulchro
977 2202 1167 2287 celebrare:
1187 2187 1265 2276 quoii

176 2305 377 2388 impossibile
397 2327 455 2389 pro
477 2326 542 2371 una
562 2307 623 2370 die.

259 2411 289 2474 6.
312 2409 483 2476 ordinavit
503 2422 640 2499 quatuor
661 2413 776 2476 altaria
803 2411 1145 2494 pro-celebrantibus:
1166 2401 1265 2468 seiten

176 2517 347 2600 sepulchro
369 2527 482 2582 sancto
503 2537 619 2600 uuum3
653 2518 770 2582 eliud·
758 2539 793 2580 ru
810 2527 923 2580 moute
943 2515 1139 2595 Calvariae3
1165 2500 1264 2570 aaa

176 2623 373 2686 inunctionis
396 2622 536 2706 Christi,
559 2624 600 2686 dc
618 2645 683 2708 quo
703 2619 902 2706 supradixi·
938 2631 971 2686 et
990 2628 1146 2704 quartum
1163 2615 1192 2676 in
1208 2601 1265 2686 capri

177 2726 209 2794 b
230 2726 377 2806 Virginis
405 2728 539 2792 Mariae.
584 2729 671 2798 Sunt
697 2737 805 2792 tamen
833 2727 935 2790 multa
965 2726 1113 2791 altaria'
1103 2743 1136 2787 ru
1154 2718 1213 2782 abit
1232 2707 1262 2770 ¹⁰⁰

177 2847 236 2910 per
256 2828 423 2910 templum,
446 2830 506 2894 sed
530 2843 608 2897 suut
628 2834 914 2900 Schismaticomur
935 2837 968 2897 et
988 2811 1264 2902 Haereuemnb

177 2951 243 2994 uon
268 2933 534 3002 celebravimus
524 2958 559 3002 ιιι
579 2941 637 3004 eis.

260 3036 290 3098 7.
312 3039 482 3124 Praecepit
504 3047 651 3110 omuibus
663 3044 854 3128 peregrinis,
871 3050 909 3108 ut
930 3059 968 3108 ae
988 3060 1061 3104 oum
1082 3024 1264 3104 enitebat·

178 3141 390 3227 disponerent
411 3155 453 3228 et¹
465 3150 525 3213 sub
537 3148 657 3214 Officio
679 3151 953 3218 communicarent
973 3145 1104 3231 singuli.

256 3252 287 3316 8.
310 3251 408 3318 Dedit
429 3256 652 3324 auctoritatem
675 3257 822 3320 omnibns
849 3252 1072 3317 sacerdotibus
1100 3239 1265 3336 peregrinet

175 3358 245 3422 auis
266 3358 428 3444 fratribus,
450 3361 506 3444 qui
527 3362 693 3425 uobiscum
716 3362 844 3424 fueraut
866 3359 1037 3424 ecclesiam
1058 3351 1195 3441 ingressi,
1179 3277 1269 3432 biiii

177 3473 212 3526 et
231 3465 365 3544 passive
396 3465 548 3530 audiendi
577 3467 818 3550 confessiones,
851 3471 886 3528 et
919 3463 1109 3528 absolvendi
1128 3463 1164 3524 ab
1182 3447 1269 3518 omnibu

177 3566 274 3628 etiam
288 3565 359 3628 sedi
381 3572 574 3638 reservatiea
602 3573 688 3636 banc
706 3571 791 3636 euim
812 3576 1006 3653 potestatem
1019 3568 1187 3634 Garuliaum
1202 3545 1260 3618 moab

178 3667 270 3750 Syon
291 3670 388 3735 babet
409 3693 429 3736 a
448 3675 547 3757 Papa.

257 3771 291 3842 9.
318 3774 494 3862 Prohibuit,
530 3781 615 3864 quod
644 3781 752 3846 nullus
773 3779 928 3845 sacerdos
957 3780 1098 3865 aliquem
1132 3761 1258 3861 peregrim·

176 3877 424 3941 communicaret
445 3886 677 3952 ‘eucharistiam
712 3885 908 3968 praestando
934 3888 968 3948 iu
997 3885 1068 3949 loco
1090 3899 1163 3948 auae
1180 3872 1258 3938 W*

176 3979 236 4044 aed
255 3997 367 4043 omues
387 3984 447 4046 sub
470 3991 722 4056 summootiicio
743 3994 778 4055 iu
799 3997 909 4054 monte
920 3989 1100 4082 calvariae
1111 3990 1147 4052 ab
1164 3969 1256 4050 officiet

56 4181 60 4188 Ι
175 4091 411 4150 sacramentum
431 4091 635 4172 acciperent,
656 4097 719 4157 ulei
741 4095 838 4158 alicui
859 4093 946 4160 alind
968 4093 1153 4178 indulgeret.
1268 4107 1269 4128 ¹
