2768 4780
705 157 771 226 306

152 350 331 418 deosculati
352 361 482 428 sumus,
513 351 545 406 et
579 339 797 426 indulgentias
819 335 984 421 plenariae
1005 332 1090 418 (แผฆ)
1121 335 1329 402 remissionis

152 455 347 540 accepimus.
375 451 427 516 lle
447 448 510 516 boc
531 446 602 510 loco
623 451 835 530 portaverunt
856 459 974 526 corpus
995 440 1127 504 Domini
1146 439 1191 506 ad
1212 442 1328 524 sepul-

154 561 281 640 chrum,
316 555 402 642 quod
431 552 474 616 ad
505 549 739 636 quinquaginta
768 563 888 633 passus
919 546 959 610 ab
991 564 1031 608 eo
1061 545 1171 608 distat
1218 544 1328 630 Super

153 665 242 730 hunc
262 661 368 724 locum
390 665 441 722 est
462 655 584 720 chorda
604 661 743 718 extensa
762 649 805 713 de
825 668 890 716 uno
908 651 1031 735 pariete
1051 649 1095 712 ad
1115 650 1277 736 alterum,
1297 653 1327 714 iu

155 785 221 852 qua
247 765 391 851 pendent
422 760 545 828 multae
579 756 745 841 lampades
775 755 945 838 ardentes,
977 761 1107 838 etpost
1136 759 1330 840 processio-

155 890 231 936 nem
263 874 441 955 posuerunt
476 881 621 927 mensam
642 879 741 946 super
773 860 927 946 lapidem,
955 861 988 924 in
1025 876 1091 943 qua
1119 860 1330 929 celebrabant

151 975 292 1057 mnus,
314 975 369 1060 qni
389 970 552 1036 volebant.

153 1224 213 1300 De
236 1223 333 1316 loco,
350 1221 412 1298 ubi
436 1220 570 1298 dicitnr
591 1239 678 1296 esse
703 1214 868 1292 centrale
891 1212 1046 1290 medium
1061 1213 1174 1292 totius
1193 1213 1328 1290 mundi.

232 1401 316 1470 eum
337 1403 446 1466 omnia
465 1399 539 1465 loca
559 1407 675 1482 sancta
695 1403 773 1462 ante
789 1395 940 1462 dominici
960 1395 1124 1480 sepulchri
1139 1395 1329 1480 ingressum

155 1506 247 1590 prius
270 1506 517 1585 visitassemus,
541 1503 777 1568 declinavimus
806 1521 879 1568 cum
900 1503 1109 1585 processione
1129 1517 1150 1563 a
1170 1501 1246 1582 via,
1273 1517 1330 1582 per

155 1628 251 1695 quam
268 1617 428 1693 portatum
441 1608 504 1671 init
516 1606 646 1672 Domini
655 1610 739 1674 Josu
755 1625 872 1692 corpus
886 1605 919 1668 in
939 1607 1154 1689 sepulchrum,
1166 1614 1328 1688 gyrantes

154 1713 360 1796 sepulchrum
382 1721 545 1796 sanctum,
558 1722 591 1774 et
609 1715 842 1798 golgothanam
857 1710 1045 1794 ecclesiam,
1066 1730 1150 1796 quae
1168 1718 1223 1774 est
1246 1710 1327 1773 ebo-

156 1836 212 1882 rns
235 1819 333 1882 totius
354 1817 477 1901 templi,
498 1818 640 1902 ingressi
661 1837 790 1902 sumus,
813 1818 953 1882 ibicum
975 1817 1016 1881 ad
1050 1814 1327 1884 mediumvenis-

156 1941 267 1988 semus
281 1924 381 2008 chori,
395 1923 671 1988 circumstetimus
682 1923 821 2006 lapidem
831 1923 1002 2008 quendam,
1015 1926 1070 2006 qni
1091 1931 1143 1986 est
1154 1919 1326 2002 rotundus,

155 2049 175 2092 a
197 2031 339 2094 caeteris
362 2028 499 2113 lapideis
520 2029 640 2094 tabulis
660 2029 819 2112 elevatus,
844 2030 879 2092 iu
900 2029 994 2111 eujus
1004 2029 1109 2094 medio
1131 2036 1182 2092 est
1206 2033 1327 2090 rotun-

156 2133 232 2198 dum
254 2135 410 2216 foramen,
431 2134 465 2196 in
488 2153 552 2217 quo
573 2135 668 2197 homo
690 2141 805 2217 posset
823 2152 977 2220 pugnum,
996 2135 1069 2200 b.e.
1091 2151 1223 2198 manum
1233 2149 1331 2195 oom-

158 2237 320 2321 plicatam,
342 2239 524 2306 immittere.
567 2235 725 2324 Lapidem
746 2238 834 2301 hunc
856 2238 967 2306 dicunt
995 2239 1106 2323 jacere
1135 2241 1169 2300 in
1190 2235 1331 2300 centrali

155 2341 261 2406 medio
283 2345 383 2408 totius
404 2343 524 2426 mnndi,
547 2353 581 2408 et
602 2343 714 2408 dicunt
731 2342 924 2428 Orientales,
945 2345 1031 2427 quod
1050 2346 1208 2410 Dominus
1222 2341 1330 2406 Jesus

155 2456 231 2510 ante
252 2451 437 2532 passionem
470 2467 564 2517 suam
600 2468 674 2513 cum
705 2447 874 2531 discipulis
905 2449 950 2513 ibi
980 2458 1072 2513 stans
1110 2450 1212 2532 digito
1238 2449 1330 2514 hunc

154 2550 261 2616 locum
283 2556 559 2638 commonstravit,
582 2553 714 2618 dicens:
751 2569 846 2637 ecce,
872 2553 926 2618 hic
952 2563 1003 2618 est
1034 2555 1174 2620 medium
1201 2553 1328 2618 mnndi.
1369 2577 1370 2586 ยน

156 2655 278 2720 Dicunt
294 2659 390 2720 etiam
412 2667 542 2724 veteres
563 2659 728 2740 historiae,
751 2658 837 2741 quod
857 2668 936 2724 ante
956 2661 1067 2744 templi
1087 2660 1184 2744 hujus
1209 2657 1330 2722 aedili-

158 2762 318 2825 eationem
341 2761 402 2826 fuit
423 2764 458 2824 ln
479 2763 542 2827 hoc
566 2764 680 2829 loeoa
712 2763 913 2846 philosophis
945 2773 1053 2828 erecta
1079 2766 1229 2830 columna
1259 2763 1330 2826 alta

157 2883 344 2950 marmorea,
371 2883 455 2949 quac
475 2869 509 2929 in
528 2869 731 2955 aequinoctio
754 2868 905 2932 aestivali
927 2873 1072 2933 umbram
1094 2889 1160 2933 non
1182 2869 1329 2932 faciebat

156 2969 301 3054 meridie,
324 2971 395 3036 sole
416 2971 537 3036 directe
558 2991 656 3057 super
684 2992 755 3038 cam
787 2982 903 3036 stante.
956 2975 1062 3058 Hujus
1094 2974 1329 3058 experientiam

159 3072 289 3155 quidam
331 3075 426 3139 miles
463 3079 656 3162 peregrinus
687 3080 857 3144 societatis
892 3098 984 3143 meae
1022 3085 1173 3166 accipere
1198 3078 1329 3160 voleus,

158 3186 294 3260 accepta
314 3176 486 3247 licentiae
515 3182 642 3248 domino
671 3181 930 3269 Sabathytauco,
962 3190 1115 3272 magistro
1141 3185 1328 3270 hospitalis,

160 3285 217 3366 qni
245 3281 363 3390 dicitur
397 3283 532 3352 Calinus
570 3288 686 3372 major,
719 3289 867 3354 ascendit
898 3309 973 3356 cum
1003 3293 1194 3376 quibusdam
1226 3294 1328 3356 sociis

156 3405 256 3470 super
286 3407 467 3459 convexum
499 3395 672 3458 testudinis
701 3394 808 3478 chori,
842 3413 926 3480 qnae
955 3398 1084 3466 testudo
1102 3397 1237 3464 multum
1258 3397 1330 3461 alta

158 3500 221 3575 est,
249 3500 284 3554 et
310 3494 410 3559 babet
436 3498 575 3583 gradus,
604 3518 662 3582 per
695 3517 778 3581 quos
803 3509 913 3582 potest
940 3502 1010 3568 lieri
1038 3521 1213 3586 oeeensna,
1236 3510 1272 3566 et
1293 3505 1327 3566 in

157 3611 308 3678 supremo
330 3603 468 3668 convexi
490 3611 541 3667 est
562 3603 673 3671 altana
693 3622 768 3669 eum
788 3604 948 3689 lapidibus
969 3619 1040 3672 arte
1061 3609 1168 3691 iacta,
1203 3609 1239 3672 in
1262 3625 1328 3690 qua

158 3710 297 3783 possunt
312 3704 384 3768 sine
404 3707 547 3790 periculo
568 3714 659 3772 stare
679 3717 714 3772 et
734 3710 993 3797 circumspicere.
1015 3715 1054 3780 In
1075 3714 1160 3782 hano
1178 3714 1326 3779 aseendit

158 3803 251 3868 miles
269 3805 325 3871 ille
346 3810 380 3872 in
401 3812 543 3898 meridie,
565 3820 600 3878 et
620 3811 715 3898 vidit,
738 3833 780 3878 an
804 3835 922 3901 corpus
943 3837 1038 3884 snum
1060 3821 1205 3882 umbram
1234 3818 1326 3884 iace-

157 3917 215 3972 ret.
266 3907 330 3990 Qui
361 3914 442 3984 dixit
468 3919 562 3982 nobis
589 3939 648 4004 pro
676 3928 783 4004 certo,
810 3923 896 4008 quod
922 3925 1067 4006 corporis
1099 3925 1153 3990 sui
1178 3924 1324 3990 umbram

156 4013 279 4079 nullum
306 4017 452 4106 vidisset,
473 4023 584 4088 stabat
605 4025 689 4091 enim
712 4025 834 4091 directo
855 4045 954 4110 supet
975 4027 1082 4096 locum
1102 4029 1206 4108 illum,
1228 4048 1325 4112 quem

157 4124 429 4203 superuacuum,
461 4128 537 4214 quia
557 4131 607 4197 ita
627 4129 735 4195 altana
755 4141 808 4198 est
827 4132 1013 4217 aedificata,
1046 4133 1132 4217 quod
1154 4151 1253 4217 snpra
1274 4134 1324 4198 lo-

158 4240 233 4290 cum
252 4233 327 4310 stat,
349 4237 381 4295 et
402 4231 488 4316 quod
509 4233 566 4300 illa
584 4235 786 4318 experientia
804 4238 850 4304 ibi
869 4241 1025 4324 capiatur.
1056 4240 1112 4304 Art
1132 4247 1243 4306 antem
1260 4239 1325 4306 boc
