2640 4792
768 92 831 158 tal

214 275 281 342 sat
303 278 333 342 sl
352 275 481 356 vident,
512 291 594 337 vasa
621 275 710 357 ipsa,
740 278 770 338 si
798 283 951 358 possunt,
984 286 1148 360 rumpunt.
1197 277 1319 362 Accepi

215 383 313 446 etiam
345 381 379 444 in
411 379 561 442 sacculos
598 388 729 444 nostros
759 395 891 442 caseum
921 360 954 442 ὀι
992 382 1160 444 amiactaa
1192 381 1245 444 ad
1281 363 1319 444 tul

215 503 351 569 carnes,
372 495 406 548 et
426 485 579 548 basculos
599 493 739 567 nostros,
761 492 793 547 et
815 485 923 548 omnia
944 496 1055 550 nostra
1075 484 1319 568 (751¹me

216 593 319 673 nalia,
341 599 374 652 ct
407 589 449 651 dc
478 590 588 652 carina
615 590 650 651 in
679 591 809 672 puppim
838 589 1053 654 ascendimus.
1097 592 1153 653 De
1178 592 1319 673 pupplo

215 699 248 758 in
269 697 399 760 barcam
421 694 657 777 descendimus,
680 705 711 756 ct
733 701 845 756 contra
866 703 985 758 terrum
1005 704 1155 759 sanctam
1175 698 1319 776 navigera

216 803 378 885 cepimuS,
409 808 443 862 ct
472 819 544 863 cum
580 798 698 882 gaudio
731 817 849 882 magno
880 798 954 862 altis
991 801 1128 862 vocibus
1161 801 1319 864 cantaria

215 907 264 986 fiio
287 905 398 976 &citet
429 905 568 990 iiobmo
596 905 702 988 iubata
731 905 809 987 uit,
841 904 932 987 letter
964 903 1097 974 duobos
1118 923 1159 972 ιι.
1192 914 1234 967 ut
1254 905 1319 970 hato

215 1013 270 1076 iol.
305 1012 354 1075 10.
396 1013 493 1073 Hunc
525 1018 631 1071 autem
667 1018 795 1072 cantum
824 1020 967 1072 nostrum
1000 1029 1064 1072 nou
1097 1019 1250 1094 poterant
1273 1005 1319 1072 tut

214 1117 388 1181 Sarraceni
409 1119 442 1178 in
463 1115 573 1195 litore,
603 1115 680 1197 quia
708 1115 792 1176 inter
814 1123 931 1177 nosci
950 1114 1029 1178 litus
1051 1127 1144 1180 mni
1165 1113 1319 1197 aemula

215 1222 402 1305 dromedae,
425 1223 457 1285 in
480 1220 595 1304 quibus
623 1237 712 1281 mare
734 1237 851 1302 magno
873 1220 1002 1283 fremitu
1023 1223 1148 1303 saevit,
1180 1230 1214 1283 et
1233 1228 1319 1282 scunt

214 1333 277 1394 boc
308 1347 388 1390 sono
410 1335 521 1390 noster
553 1333 671 1388 canum
697 1342 761 1386 nou
792 1325 990 1389 turbabatur.
1035 1327 1195 1390 Venimus
1222 1323 1319 1386 autent

216 1437 306 1517 ipsos
324 1431 486 1516 scopulos,
499 1439 532 1494 et
550 1431 634 1492 inter
653 1430 777 1512 scyllas
791 1449 851 1514 per
866 1431 1042 1493 stridentes
1059 1431 1164 1494 undas
1179 1435 1319 1492 transeunt

214 1557 299 1622 aqua
320 1537 444 1620 perfusi
473 1544 505 1596 et
532 1535 651 1598 madidi
674 1536 751 1598 iacti
788 1544 913 1617 raptum
945 1535 1117 1599 naviculae
1138 1544 1173 1597 et
1200 1535 1319 1598 allinus

214 1646 247 1706 iu
271 1658 385 1726 rupes,
416 1657 506 1725 quae
520 1643 715 1725 minabatur,
745 1642 927 1724 evasimus,
948 1651 982 1704 et
1002 1659 1107 1724 traque
1126 1642 1168 1703 ad
1188 1640 1259 1700 litus
1274 1655 1319 1698 vra

215 1767 289 1811 mus
313 1757 347 1810 et
368 1746 409 1809 de
427 1747 581 1810 navicula
615 1748 742 1830 egressi
763 1763 884 1809 sumus.
928 1746 1045 1808 Statim
1066 1754 1173 1808 autem
1193 1754 1229 1807 ut
1247 1746 1319 1806 buna

216 1864 363 1920 sanctorm
393 1850 529 1934 pedibus
561 1853 680 1916 nostris
710 1853 924 1933 calcavimus,
955 1853 1047 1934 proni
1075 1853 1108 1913 in
1129 1851 1230 1914 facies
1249 1857 1319 1909 aaut

215 1960 402 2042 cecidimus,
419 1967 451 2021 et
473 1967 591 2020 terram
611 1966 757 2020 sanctum
780 1975 851 2020 cum
873 1959 997 2040 ingenti
1012 1957 1190 2019 devotione
1202 1952 1319 2018 deostdtl

217 2083 341 2133 sumus.
382 2065 512 2146 inipso
540 2081 620 2126 vero
641 2072 792 2126 contactu
813 2071 918 2126 terrae
949 2062 1138 2125 benedictae
1166 2059 1319 2143 indulgenti

215 2171 381 2254 plenariae
402 2169 600 2232 remissionis
630 2169 828 2260 accepimus,
857 2187 941 2252 quae
962 2170 1056 2250 signo
1080 2168 1136 2230 tali
1159 2167 1239 2250 (ἢ)
1258 2179 1319 2227 must

217 2285 352 2360 quantor
364 2275 508 2337 denotari
523 2273 677 2336 ordinavi.
700 2273 787 2336 Nam
805 2275 989 2357 ubicunque
1005 2274 1133 2357 ponitur
1143 2291 1222 2336 cmx
1232 2290 1316 2350 unpt

213 2385 258 2448 ibi
279 2391 329 2444 est
351 2380 551 2463 tridulgontia
582 2381 765 2461 septennis:
799 2380 855 2442 ubi
877 2399 955 2442 vero
983 2381 1112 2462 ponitur
1142 2397 1221 2442 crux
1248 2377 1317 2457 dup

215 2499 265 2552 est
286 2487 486 2570 indulgentia
505 2485 669 2568 plenariae
689 2486 889 2548 remissionis
910 2504 931 2548 a
951 2503 1056 2568 poena
1076 2493 1109 2546 et
1129 2502 1148 2546 a
1171 2484 1267 2566 culpe,
1286 2508 1314 2535 2·

215 2595 299 2658 solet
333 2593 411 2656 dici:
442 2599 480 2653 et
505 2593 607 2673 prima
635 2607 718 2654 crux
752 2591 916 2676 significat
943 2589 1175 2672 indulgentiam
1202 2590 1305 2670 culpa

216 2697 360 2762 secunda
384 2715 465 2758 vero
492 2695 708 2778 indulgentias
736 2715 920 2778 poenarum.
963 2695 1072 2757 llinita
1099 2713 1177 2776 ergo
1205 2693 1311 2777 gratio

216 2804 342 2864 actione
375 2801 416 2862 de
431 2813 434 2820 ·
447 2799 541 2860 alveo
574 2803 671 2863 maris
697 2801 902 2865 ascendimus
934 2817 1063 2862 sursum
1095 2817 1153 2881 por
1190 2815 1263 2881 prae
1281 2824 1300 2849 ιι

215 2923 322 2988 rupes,
340 2905 565 2989 quibus-mare
584 2904 628 2967 ibi
649 2907 789 2989 cingitur
812 2916 844 2969 et
865 2926 923 2969 ora
942 2905 1050 2988 pelagi
1071 2913 1165 2986 septa
1186 2913 1243 2966 est.
1261 2901 1281 2964 S
1309 2932 1310 2943 ι

214 3020 322 3075 autem
349 3011 499 3091 superius
527 3009 623 3072 Pater
645 3010 830 3076 Gordianus
862 3011 980 3074 montis
1010 3007 1104 3092 Syon
1129 3009 1230 3072 ataui
1256 3009 1288 3070 ir
1315 3042 1318 3051 ,

216 3135 289 3182 cnm
311 3115 485 3198 praelectis
507 3124 613 3178 terrae
649 3126 682 3178 et
712 3118 893 3180 senioribus
916 3115 1169 3178 Sarracenorum
1191 3123 1222 3176 et
1241 3115 1317 3176 blau

215 3243 285 3290 rum
307 3239 380 3285 cum
412 3221 583 3303 scriptore,
612 3231 644 3284 et
665 3222 711 3286 ita
732 3222 960 3286 ordinaverant
984 3237 1023 3284 se
1049 3223 1089 3284 ab
1117 3230 1248 3303 utraque
1267 3227 1315 3301 put

213 3329 299 3415 quod
320 3345 380 3412 per
396 3327 535 3390 medium
554 3343 663 3390 corum
685 3329 822 3391 transire
843 3329 1032 3410 peregrinos
1052 3341 1191 3388 necesse
1208 3335 1284 3388 erat:
1305 3354 1318 3373 ιι

214 3437 279 3499 duo
298 3435 459 3518 peregrini
480 3433 577 3496 sirum
609 3442 756 3516 poterant
785 3435 940 3516 transire,
972 3429 1032 3494 sed
1041 3447 1137 3494 mnus
1167 3439 1238 3512 post
1256 3429 1313 3492 al'o

214 3557 279 3602 nou
313 3548 420 3602 autem
447 3541 597 3602 sinebant
639 3557 699 3603 nos
730 3539 868 3602 transire
911 3539 1078 3618 continue,
1121 3535 1179 3598 sed
1204 3535 1319 3618 quemlilt

213 3644 383 3726 tenebant,
415 3651 449 3705 et
470 3654 564 3708 acute
585 3645 806 3728 intuebantur,
828 3663 868 3708 ac
899 3658 1015 3706 nomeu
1047 3659 1142 3706 suum
1163 3643 1302 3724 proprium

212 3748 397 3828 patrissui
426 3767 542 3810 nomeu
581 3751 800 3836 requirebant,
835 3759 868 3814 et
895 3751 1032 3831 scriptor
1065 3748 1157 3812 ambo
1186 3747 1297 3809 uomica

212 3849 343 3932 scriptis
365 3851 537 3934 redigebat.
561 3853 682 3918 Nescio
698 3865 804 3919 autem
821 3873 918 3940 quam
940 3853 1161 3917 difficultatem
1177 3853 1233 3915 lroc
1250 3869 1317 3914 uon

214 3953 307 4017 Felix
327 3955 360 4016 in
389 3973 499 4019 eorum
522 3957 632 4039 lingua
647 3960 747 4026 iamt:
771 3963 846 4044 quia
878 3969 942 4022 tam
964 3960 998 4022 in
1021 3957 1133 4041 altera,
1153 3973 1240 4042 quarn
1258 3957 1285 4019 iu
1313 3990 1314 4003 1

213 4061 472 4145 peregrinatione
509 4060 702 4145 aliquotiens
737 4066 904 4146 oportebat
944 4083 997 4128 me
1035 4064 1084 4126 eis
1121 4063 1220 4147 ipsum

212 4166 386 4248 replicare,
407 4173 440 4225 et
460 4173 568 4226 tamen
589 4183 651 4226 nec
673 4167 866 4247 exprimere,
888 4187 949 4231 nac
969 4169 1114 4231 scribere
1135 4177 1275 4252 poterant,
1299 4194 1301 4219 ι
