2792 4778
644 181 709 244 441,
723 175 727 224 ;

87 358 315 425 aliudnomen'
333 367 431 440 super
448 363 595 440 terram,
618 357 651 421 in
673 365 748 443 'quo'
771 367 920 442 oporteat
948 379 1015 426 nos·
1036 361 1149 426 salvos
1171 361 1254 448 lieri,

6 507 14 532 >
87 481 184 549 quam
214 475 330 528 nomen
360 465 490 526 Jesus.
524 463 589 526 Hic
617 465 703 526 enim
727 471 779 526 est
800 464 861 528 hoc
883 469 1082 547 unguentum
1104 465 1256 550 effusum·

89 569 132 633 dc
152 587 216 654 quo
236 585 357 651 sponse
374 567 464 633 dicit·
475 567 571 632 Cant.
590 567 628 631 2:
651 562 849 650 unguentum
864 567 1002 632 effusum
1020 587 1137 633 nomen
1148 576 1253 633 tuum.

6 795 11 820 *
90 788 151 864 De
188 787 289 880 loco,
335 788 395 865 ubi
432 797 652 890 paraverunt
689 795 732 862 sc
764 787 868 886 Magi
909 809 989 862 cnm
1020 786 1185 863 vestibus
1217 796 1257 865 et

561 905 775 983 muneribus.

4 1109 11 1136 r
116 1163 117 1167 Ἰ
176 1087 322 1172 Cumque
357 1089 392 1152 in
422 1087 494 1154 loco
525 1087 780 1154 circumcisionis
817 1085 931 1151 landes
951 1097 954 1104 '
974 1082 1257 1170 persolvissemus,

91 1185 214 1276 incepit
248 1197 371 1256 cautor·
392 1193 572 1276 lrymnume*
587 1194 698 1258 hostis
725 1171 874 1256 Herodes
894 1191 1001 1273 impie.
1025 1192 1087 1254 tlt
1106 1207 1180 1254 cutm
1202 1191 1258 1255 illo

91 1305 192 1363 cautu
212 1298 403 1382 gyrerdmus
424 1297 467 1361 ed
479 1299 662 1363 sinistram.
676 1295 837 1360 ecclesiae
858 1303 997 1379 portem,
1019 1296 1195 1358 etiterum
1217 1295 1261 1359 ad
1282 1327 1285 1332 ·

93 1402 182 1466 latus¹
206 1403 298 1466 chori
326 1402 556 1468 adscendimus
585 1403 619 1466 in
650 1400 806 1484 capellam
838 1400 1144 1484 cnoro-onomate,
1168 1419 1260 1485 ¹qune

93 1506 220 1589 capella
242 1509 277 1568 in
290 1537 291 1544 ι
304 1525 344 1570 eo
372 1507 445 1572 loco
472 1514 538 1572 stat
546 1538 562 1590 ,·
588 1507 643 1570 ubi
664 1507 758 1587 turgt
778 1503 821 1568 de
842 1504 1052 1569 dromedariis
1065 1505 1261 1570 etcaoielis'
1285 1511 1287 1516 '

95 1609 341 1694 descenderunt,
363 1619 439 1674 ante
457 1609 680 1692 diversorium,
701 1619 800 1691 super
812 1609 906 1692 *quod
927 1609 1032 1673 stella
1045 1610 1145 1693 stetit,-
1165 1610 1262 1675 etlric

2 1705 10 1738 ¹
95 1733 228 1780 munere
249 1714 413 1780 offerenda
435 1714 478 1778 de
504 1715 648 1778 socculis
676 1713 892 1796 producentes
919 1723 1129 1799 aptaverunt,
1157 1723 1190 1777 et
1222 1718 1261 1778 se'

93 1821 240 1884 uestibus
261 1820 504 1901 pretiosissimis
530 1825 742 1900 ornaverunt,
770 1826 807 1880 ut
836 1819 1010 1900 magnifice
1046 1829 1080 1882 et
1098 1819 1264 1882 'curialiter

94 1925 166 2007 regi
185 1932 261 1986 nato
282 1929 483 2004 apparerent.
527 1921 566 1982 ln
586 1922 650 1984 hoc
670 1938 750 2002 ergo
771 1919 842 1982 loco
862 1920 897 1984 iu
918 1923 1061 1986 oratione
1079 1925 1262 2005 genuflexi-

2 2014 4 2020 ’
95 2044 167 2090 mus
187 2025 459 2107 et'indnlgontias
481 2024 665 2104 recepimus
687 2022 770 2102 (ὅθι
812 2022 980 2086 Antaeus
1006 2024 1069 2087 loci
1100 2034 1168 2088 stat
1196 2045 1290 2089 una·

95 2134 252 2212 cisterna,
285 2128 328 2192 de
355 2145 420 2210 qua
440 2127 530 2190 servi
550 2126 724 2208 Magorum
745 2125 922 2191 hauserunt
944 2143 1046 2209 aqueas
1068 2147 1127 2211 pro
1142 2130 1262 2193 nemus
1289 2136 1291 2142 '

96 2237 177 2317 auis,
200 2233 242 2296 etl
263 2251 358 2317 quem
369 2234 465 2296 etiam
476 2231 677 2294 accessimus
692 2237 724 2292 et
738 2230 997 2311 introspeximus.
1041 2230 1124 2295 Cum
1138 2236 1263 2298 sanctis

97 2359 175 2423 ergo
198 2338 330 2422 regibus
351 2337 571 2420 disposuimus
592 2351 663 2418 nos,
685 2341 721 2396 ut
743 2350 815 2398 curm
829 2334 960 2398 ›laetitia
977 2342 1012 2398 et
1033 2336 1140 2401 debita
1161 2338 1265 2402 dovo-

57 2463 62 2474 ’
98 2445 185 2508 tione
205 2445 239 2518 in
260 2442 473 2508 diversorium
495 2439 753 2525 procederemus.

97 2663 158 2737 lle
183 2660 307 2762 ‘speon
332 2661 564 2737 dulcissimae
612 2659 815 2734 rrotivitetis
840 2661 985 2735 Domini
1016 2663 1131 2736 nostri
1171 2663 1264 2738 Jesu

155 2779 306 2874 Christi,
342 2780 451 2858 etde
475 2779 623 2854 introitu
646 2778 918 2892 peregrinorum
942 2781 978 2856 in
1006 2805 1084 2856 earn
1109 2781 1217 2856 etde
1243 2779 1248 2786 ’
1325 2857 1328 2864 ,

256 2895 259 2903 ’
289 2895 292 2902 ’
528 2898 724 2974 devotione
749 2897 833 2972 loci.

178 3079 299 3142 Exulta
314 3041 401 3142 nuuc
421 3081 602 3164 peregrine,
623 3088 657 3144 et
674 3080 707 3142 in
719 3079 842 3144 laetitia
863 3087 933 3142 esto
957 3080 1266 3163 tiaterolrurissime,

101 3188 179 3269 quie
216 3185 348 3268 jamjam
370 3184 507 3248 'ridebis
545 3185 651 3249 locum
683 3185 926 3248 sanctissimum
964 3194 998 3247 et
1035 3183 1267 3264 dulcissimum,
1394 3239 1395 3258 ,

101 3290 251 3355 fidelibus
272 3291 395 3374 pariter
414 3297 455 3353 ot·
469 3288 654 3354 infidelibus
674 3288 894 3351 venerabilem
917 3297 952 3351 et
975 3287 1137 3352 devotum.
1186 3287 1267 3349 Dico
1292 3297 1295 3304 '
1394 3283 1395 3291 ’

102 3396 187 3458 enim
208 3396 313 3479 vobis,
334 3395 421 3478 quod
443 3394 534 3459 multi
556 3410 652 3475 reges
672 3400 706 3455 et
726 3394 915 3475 prophetae,
934 3391 1031 3454 immo
1046 3392 1137 3454 multi
1151 3391 1266 3452 summi

101 3499 289 3581 pontifices,
310 3499 454 3580 episcopi
476 3507 509 3561 et
529 3496 728 3579 cardinales,
749 3498 977 3579 imperotores,
999 3495 1111 3580 (lucer,
1132 3487 1267 3576 inutiles,

0 3670 3 3689 ,
102 3602 246 3685 religiosi
268 3609 301 3664 et
320 3602 507 3666 saeculares
539 3602 713 3666 voluerunt
735 3611 768 3664 et
790 3595 1157 3682 desiderarunt'videre‚
1184 3615 1268 3682 qnae

102 3723 166 3770 vos
192 3704 333 3788 videtis,
361 3715 396 3769 et
423 3725 488 3770 non
518 3705 681 3770 viderunt.
725 3707 828 3790 lgitur
861 3722 935 3768 oum
965 3706 1062 3788 Juxta
1097 3706 1207 3768 altare'
1236 3713 1270 3766 et

103 3811 278 3874 cisternam
320 3809 518 3891 praedictam
555 3805 737 3893 staremus,
775 3801 910 3892 incepit
932 3821 1063 3875 cantare
1094 3809 1269 3894 jocundum

103 3913 257 3998 lryrr'rnum
284 3912 352 3977 de
390 3913 578 3978 nativitate:
621 3914 781 3992 Christe,
808 3915 968 3980 redemtor
995 3904 1180 3999 'omnium‚
1229 3933 1271 3977 cx

104 4025 195 4102 putre
226 4019 327 4101 petris
355 4021 452 4092 unice
479 4029 543 4090 otc.
584 4019 627 4082 Et
661 4011 752 4081 illum
766 4011 770 4020 ’
784 4019 938 4102 hymnum
975 4023 1178 4086 cantavimus
1209 4019 1271 4082 sub

105 4123 216 4187 coelem
228 4133 313 4208 nota,
335 4124 473 4207 quaein
497 4132 607 4188 no'stro
628 4115 741 4188 ordine
752 4131 912 4208 cantatur,
932 4126 1032 4190 et'nbi
1048 4114 1133 4190 in'eo
1144 4124 1273 4209 ponitur

106 4227 187 4311 dies,
209 4227 373 4294 nosloons
393 4227 605 4292 cantavimus.
649 4227 712 4292 Ubi
724 4228 786 4291 ibit
807 4227 1027 4312 hicpraesens
1044 4235 1179 4295 testatur
1191 4217 1272 4308 dies,
