2768 4780
592 107 656 180 ate

8 315 79 382 ergo
108 294 349 362 transivimus
374 294 410 360 in'
429 293 592 379 ecclesia,
627 295 854 362 descendimus
874 295 916 365 ab
935 297 1073 364 'oriente
1095 307 1208 362 contra

8 403 256 486 occidentem,
278 401 365 465 etin
395 400 463 466 fine
484 403 645 466 eeclesiae
667 423 724 486 per
746 405 864 468 ostium
899 406 1060 470 exivimus
1095 412 1207 468 contra

8 519 175 594 austrum,
202 509 337 592 partem
359 506 455 570 unani
478 508 618 572 ambitus
639 510 910 594 perambulantes,
933 511 1103 574 etiterum
1125 515 1207 573 con-'-

8 615 178 679 vertimus
217 631 287 678 nos
309 621 436 681 contra,
453 613 636 696 aquilonem
666 624 700 677 et
732 615 774 678 ad
796 624 892 697 capnt
930 614 1020 678 ebori
1043 615 1206 698 venimus,

8 721 121 803 ibique
144 739 218 803 per
243 717 366 802 gradus
389 717 596 783 ascendimus
615 717 657 781 ad
676 717 839 802 quoddam
860 718 1091 804 habitaculum,
1113 719 1207 802 cujus

7 826 132 888 ostium
164 824 343 908 lapidibus
374 825 591 906 obstructum,
614 830 750 906 'propter
777 842 910 888 causam
947 823 1118 887 dicendam
1151 823 1206 886 iol.

8 931 83 994 aad.
120 930 212 994 Hoc
236 928 325 991 enim
346 928 566 992 habitaculam
586 937 641 992 est
660 929 701 992 ad
724 929 827 1011 caput'
847 929 947 1011 ebori,
967 929 1046 1012 quia
1068 926 1147 1011 (lib
1155 929 1208 1006 A)

8 1036 136 1099 chorus
172 1035 224 1097 ab
267 1033 390 1096 oriente
433 1035 543 1098 nullas
576 1034 675 1098 babet
717 1032 880 1096 fenestras
916 1033 1107 1116 praestante
1144 1034 1208 1098 hoc

8 1141 216 1205 babitaeulo
245 1136 491 1220 impedimento:
522 1139 583 1202 sed
613 1140 718 1214 solum
739 1137 848 1201 lumen
879 1139 977 1202 babet
1007 1158 1027 1202 a
1060 1136 1205 1204 meridia.

10 1244 256 1310 Ascendimu's
277 1261 356 1326 ergo
380 1261 453 1306 cnm
476 1244 686 1327 processione
705 1243 889 1327 praedictos
917 1241 1057 1328 gradus,
1076 1251 1110 1304 ct
1131 1250 1207 1305 anta

11 1348 235 1412 obstructam
252 1349 370 1411 ostium
388 1350 539 1430 prostrati
558 1348 777 1432 adoravimus,
799 1356 832 1411 ot
850 1347 1013 1431 plenarias
1029 1346 1206 1430 indulgen-

10 1451 75 1513 tias
88 1453 203 1516 etiarn
214 1452 272 1516 hia
290 1453 574 1539 accepimus(††),
591 1463 627 1516 et
644 1455 798 1538 hymnum
814 1453 1000 1517 inchoatum
1016 1471 1091 1517 cum
1110 1453 1208 1517 suavi

13 1557 256 1621 modulatione
276 1559 491 1642 concinimus,
517 1560 598 1622 adeo
619 1559 707 1644 qued
728 1576 830 1622 sonus
857 1559 969 1643 procul
996 1559 1057 1642 per
1076 1577 1207 1622 omnem

14 1671 167 1726 montem
193 1663 293 1746 Syon
313 1673 346 1726 ct
368 1665 433 1745 per'
447 1665 632 1728 Jerusalem
654 1660 904 1734 diffundebatur.
932 1664 1010 1727 Non
1031 1644 1116 1730 edim
1135 1671 1208 1728 erat

8 1765 111 1830 'locus
132 1767 297 1848 clausus,
318 1768 379 1830 sed
400 1771 461 1832 sub
484 1770 560 1835 divo
587 1773 622 1833 in
643 1770 709 1834 alto
731 1769 951 1833 consistentes
971 1768 1208 1850 jocundissime

18 1874 259 1937 cantavimus:
293 1874 453 1938 recordati
476 1874 563 1958 quod
590 1875 623 1938 iu
644 1875 801 1939 hocloco
824 1873 907 1936 coeli
927 1872 1167 1954 distillaverunt
1185 1891 1208 1936 c

18 1975 107 2039 facie
140 1977 214 2042 Dei
248 1977 368 2062 Synai,
397 1997 419 2040 a
455 1978 539 2042 secie
569 1979 632 2041 Dei
665 1979 784 2060 Israel,
818 1986 850 2039 et
882 1977 994 2059 pluvia
1024 1976 1207 2040 voluntaris

19 2094 210 2166 segregata
230 2090 282 2145 ost
303 2083 495 2148 haereditati
518 2083 649 2147 Christi.
671 2086 736 2146 Hic
757 2079 1049 2166 namquespiritas
1069 2089 1207 2148 sanctus

20 2187 203 2269 repentino
227 2187 335 2251 sonitu
364 2206 462 2272 super
492 2187 669 2272 discipulos
691 2189 783 2251 vemt
809 2196 1003 2272 mentesque
1030 2187 1206 2250 carnalium

22 2292 55 2354 in
76 2295 302 2358 sui'amoreni
335 2293 534 2377 permutavit
547 2297 589 2374 'et
610 2293 689 2356 ioris
712 2292 956 2376 apparentibus
973 2291 1072 2374 lignis
1098 2291 1207 2374 igneis

8 2371 111 2462 'intus
135 2400 330 2463 factasunt
352 2397 450 2463 corda
475 2399 698 2480 flammantia,
717 2397 794 2482 quia
826 2397 903 2459 dum
931 2397 1040 2458 Deum
1065 2397 1099 2458 in
1120 2397 1207 2478 ignis

27 2503 158 2568 visione
181 2507 375 2587 suscipiunt,
406 2523 465 2587 per
496 2522 636 2567 amorem
667 2503 815 2567 suaviter
841 2511 1000 2565 arserunt.
1053 2499 1206 2564 Christus

29 2609 113 2672 enim
152 2609 312 2675 coelestia
339 2619 455 2691 petens
492 2611 658 2693 praecepit
690 2606 869 2690 discipulis,
900 2624 921 2668 a
947 2605 1133 2670 Jerusalem
1164 2624 1207 2668 ne

31 2711 252 2797 discederent,
275 2715 334 2777 sed
355 2714 463 2778 Patris
478 2714 725 2799 promissionem
740 2720 978 2795 exspectarent.
1001 2715 1045 2774 Et
1066 2711 1207 2795 ingrcssi

30 2815 91 2881 huc
113 2822 150 2884 in
172 2821 237 2884 hoc
257 2817 440 2882 habitaculo
463 2820 565 2883 clausi
587 2818 761 2884 manebant
789 2823 927 2901 propter
941 2827 1060 2882 motum
1080 2818 1207 2882 Judae-

31 2929 141 3009 nrum',
165 2932 199 2986 et
219 2932 311 2985 erant
328 2924 381 2985 hic
403 2923 540 2986 desolati
562 2932 595 2985 et
616 2923 766 3004 orphani,
787 2922 893 3004 ignari
914 2931 947 2984 et
968 2923 1083 3005 inscii,
1107 2925 1206 2989 timo·-

32 3029 156 3091 rosi'et
180 3026 306 3110 trepidi.
338 3028 404 3091 Sed
425 3027 567 3110 Spiritus
589 3036 727 3091 sanctus
748 3026 929 3090 adveniens
951 3029 1205 3092 consolationem
1269 3059 1273 3087 t

33 3127 255 3196 dulcissimam
291 3131 414 3216 attulit,
451 3134 644 3216 sapientiam
672 3131 902 3195 'clarissimam
939 3131 1073 3216 infudit,
1110 3136 1207 3198 robur

33 3233 246 3301 fortissimum
269 3236 373 3322 dedit,
396 3248 428 3302 et
446 3247 637 3304 constantes
656 3246 689 3300 et
710 3238 744 3299 in
757 3236 862 3320 gratia
882 3237 1063 3300 confirmati
1095 3238 1205 3306 muudi

34 3339 249 3424 principatum
285 3351 489 3426 acceperunt.
532 3347 631 3408 Hunc
662 3344 768 3408 locam
800 3346 948 3404 sanctum
977 3341 1095 3405 clarius
1127 3339 1206 3404 des·-

34 3445 168 3531 cribam,
188 3455 262 3511 cuin
285 3447 327 3510 da
347 3447 519 3537 sepulchro
539 3447 650 3514 David
671 3448 801 3516 venerit
822 3443 1007 3512 (licendum,

8 3723 10 3730 '
94 3713 237 3810 Locus,
263 3715 323 3794 nbi
348 3715 390 3796 S.
417 3715 580 3794 'l'homas
602 3720 809 3821 Apostolus
832 3717 964 3795 dubius
989 3713 1135 3792 Domini

459 3839 612 3916 vulnera
636 3840 769 3939 tetigit.

116 4069 241 4136 Deinde
278 4073 382 4139 locum
415 4076 505 4138 illum
545 4073 749 4140 deseruimus
778 4085 813 4140 ct
842 4095 901 4159 per
942 4074 1065 4160 gradus
1102 4071 1205 4157 prope

11 4165 138 4238 ¹locum
166 4178 393 4244 descendimus
415 4180 449 4243 in
477 4181 646 4264 ambitum,
681 4189 716 4244 at
738 4183 771 4244 in
793 4181 963 4264 'capellam
998 4181 1034 4250 S.
1060 4178 1204 4244 'rhomae
