2608 4842
747 119 811 186 238

192 275 320 357 rejectis
343 296 364 342 a
384 297 422 344 se
444 283 682 377 calceamentis,
696 297 791 362 nudis
810 305 968 386 pedibus
995 311 1205 382 incedebant
1221 341 1260 404 pe

189 388 327 466 tempos,
341 403 406 467 quo
423 389 456 452 in
472 399 557 458 terra
576 409 692 469 sancta
706 408 936 496 versabamur,
947 415 992 477 ira
1014 418 1092 483 hoe
1105 423 1285 512 gloriostor

188 483 369 554 Salvatoris
391 497 494 559 nostri
525 513 734 588 venerantes,
763 520 795 573 et
823 515 1072 587 messuimus
1102 529 1243 613 Virginis
1257 534 1285 602 iil

187 599 220 654 ct
256 592 449 662 Sanctorum
480 607 604 672 veteris
633 620 666 673 et
698 616 777 678 novi
807 627 1031 693 testamenti.
1096 631 1185 696 Cum
1214 645 1285 696 aulul

184 703 329 783 portam,
353 721 437 785 quae
459 705 576 773 disitru
595 723 688 795 porta
708 717 834 805 David,
855 729 909 792 vei
938 733 1116 813 piscium
1140 738 1195 800 vei
1213 751 1285 822 negoti

184 807 498 894 rum,venisaaemu,
518 833 576 895 per
595 819 700 900 ipsam
713 835 837 905 portam
853 831 1045 900 inclinatis
1068 844 1233 923 capitibus
1245 847 1285 926 iugi

182 921 304 971 sumus.
334 908 419 989 Quia
441 917 478 978 in
496 919 559 986 illo¹
573 923 704 988 introitu
726 929 948 1016 indulgentias
976 943 1176 1025 plenariae
1194 950 1285 1014 renisu

180 1018 351 1080 consecuti
380 1037 493 1084 sumus
530 1027 622 1110 (ἥ).
674 1031 738 1106 Per
764 1039 872 1103 unum
905 1055 1040 1111 autem
1078 1051 1218 1134 longum
1243 1055 1285 1134 ai

178 1121 416 1206 processimus,
458 1135 492 1190 et
525 1130 566 1196 ad
602 1137 763 1220 quandam
802 1163 951 1229 magnam
1004 1155 1201 1220 eeclesiam
1235 1157 1285 1218 clm

172 1553 298 1615 ponens
317 1545 546 1620 pronunciavit
568 1553 678 1639 uobis,
708 1559 793 1625 banc
814 1581 890 1630 esse
910 1574 1111 1640 ecclesiam
1135 1574 1285 1638 sanctiss

176 1640 236 1700 toti
273 1643 395 1708 mundo
423 1655 669 1742 venerandam,
707 1663 740 1726 in
776 1687 841 1751 qna
876 1675 1074 1742 thesaurus
1092 1677 1285 1742 -Christiarur

170 1745 440 1834 pretiosissimus,
456 1752 649 1835 dominicum
670 1767 795 1834 scilicet
814 1778 1042 1868 sepulchrum,
1070 1792 1132 1847 est
1154 1780 1285 1846 reconditor

170 1845 264 1926 Quod
289 1871 364 1920 oum
386 1857 637 1950 audivissemus,
650 1870 683 1931 in
705 1873 777 1955 ipso
796 1881 876 1943 atrio
898 1891 1103 1953 anteferes
1121 1885 1285 1951 mimi*

167 1961 416 2044 prostravimus,
440 1973 477 2026 ei
497 1966 714 2059 adoravimus,
736 1988 769 2042 ct
791 1989 907 2051 temam
926 1989 1037 2074 ipsam
1057 1993 1209 2077 repeiilis
1224 1987 1282 2050 uo'o'b

167 2057 346 2125 deosculati
375 2081 499 2134 snmus.
542 2075 606 2137 Pro
639 2089 727 2145 certo
758 2097 867 2154 antem
896 2097 980 2177 ipsis
1014 2100 1209 2184 peregrinis
1227 2092 1281 2154 oiri

166 2167 253 2227 terra
274 2174 448 2248 prostratis
466 2177 647 2266 videbatur,
663 2187 748 2267 quod
770 2209 812 2256 ox
831 2195 903 2278 ipsa
922 2199 1279 2314 terraquagdamuissi

163 2268 285 2355 virtus,
320 2291 385 2358 qua
412 2279 640 2350 vehementius
672 2294 856 2374 rapiebatur
884 2305 919 2365 tn
951 2307 1171 2375 devotionem
1195 2303 1275 2368 mene

164 2368 352 2442 0Dominc
373 2379 584 2470 neuuqnam
607 2392 702 2458 dulce
719 2407 776 2462 cst
799 2399 947 2475 osculnnl
969 2415 1039 2478 oris
1057 2417 1121 2500 tui,
1145 2431 1210 2476 cum
1225 2410 1277 2488 il⁸⁰¹

163 2479 310 2546 osculum
331 2503 396 2550 non
418 2491 536 2572 pedum
558 2497 616 2561 scd
638 2502 847 2586 uestigiornm
870 2522 1004 2589 tuorum·
1028 2528 1163 2584 tautum
1184 2513 1277 2578 adedo

162 2578 350 2651 dulcescat!
382 2590 534 2664 0frater
553 2603 614 2685 mi,
642 2605 671 2667 si
702 2607 735 2670 in
757 2612 821 2676 ista
841 2617 928 2682 liora
957 2643 1089 2692 meeum
1112 2627 1147 2688 in
1169 2609 1274 2686 aurioli

161 2683 300 2770 fuisses,
332 2692 475 2760 vidisses
512 2709 546 2764 et
583 2710 767 2778 audivisses
783 2725 865 2784 iem
885 2729 1122 2796 ''exuberantes
1152 2723 1285 2800 iacbn'bit

159 2795 374 2859 tanumeros
409 2805 449 2862 er
463 2805 622 2874 cordiales
643 2821 802 2908 gemitus,
820 2835 896 2890 tam
928 2831 1039 2900 dulces
1072 2837 1222 2920 ejulatus,
1242 2809 1285 2928 ω(

158 2889 226 2954 elta
247 2899 401 2986 suspiria,
429 2911 494 2972 tarn
522 2909 683 2993 profunda
713 2923 855 2995 lamenta
885 2944 918 2998 et
945 2958 987 3001 ex
1008 2942 1137 3006 intimis
1154 2929 1267 3017 singula

158 2999 224 3059 tam
248 3001 358 3082 quieta
378 3017 411 3071 et
431 3010 574 3092 jocamda
599 3023 747 3112 silentia,
769 3043 802 3098 et
827 3037 857 3100 si
878 3057 935 3103 cor
955 3043 1119 3126 lapideum
1141 3039 1285 3136 baboiub

155 3097 364 3186 liquefactum
385 3113 520 3204 fuisset,
542 3132 577 3187 et
598 3127 703 3194 simul·
715 3153 789 3200 cum
807 3140 888 3223 ipsis
909 3152 1090 3233 peregrinis
1112 3149 1265 3228 lachrymii·
1282 3147 1285 3300 4

156 3208 242 3275 tibus
264 3217 429 3286 resolutus
449 3223 484 3286 in
505 3226 688 3314 lachrymas
709 3241 825 3307 uberes
845 3247 975 3316 fuisses.
1000 3256 1079 3334 Vidi
1100 3255 1145 3324 ibi
1162 3242 1268 3337 oblim

152 3321 341 3402 peregrinos
375 3331 470 3412 quasi
487 3331 662 3402 *destitutis
694 3345 817 3427 viribus
846 3356 1006 3422 resolutos
1027 3362 1060 3429 iu
1083 3341 1164 3429 rema
1189 3355 1285 3490 imp

153 3433 192 3480 se
223 3427 461 3506 quodammodo
503 3439 691 3522 ignorantes
736 3471 820 3533 prae
857 3460 957 3526 nimio
992 3484 1093 3534 sensu
1125 3451 1281 3532 dev⁰fi⁰ffi⁵³

151 3520 248 3588 Alios
271 3532 338 3596 vidi
370 3538 446 3604 hinc
468 3553 500 3606 et
529 3545 605 3610 inde
626 3548 668 3614 de
693 3559 812 3640 angulo
843 3563 877 3626 in
898 3571 1053 3652 angulum
1077 3581 1150 3642 euru
1175 3561 1262 3654 pium

150 3627 306 3720 migrare,
342 3647 436 3723 quasi
461 3650 578 3732 spiritu
616 3655 722 3724 alieno
753 3664 1001 3748 impellerentur.
1044 3680 1153 3767 Aliqui
1177 3667 1264 3738 slim

149 3727 224 3794 ilxis
245 3735 278 3800 in
299 3749 416 3812 terram
437 3754 532 3820 nudis
552 3763 692 3843 genibus
710 3775 746 3830 et
763 3768 904 3840 brachiis
924 3779 958 3841 in
979 3784 1106 3851 modum
1122 3781 1211 3852 ortuis
1226 3783 1260 3832 ⁰¹⁶
1282 3779 1285 3900 l

147 3837 325 3907 lentiscum
335 3847 412 3914 lietu
421 3859 564 3928 orabant.
575 3867 771 3953 Aliquivero
783 3881 871 3942 tanto
882 3883 1029 3967 singultu
1038 3887 1256 3960 concutimadil

146 3945 182 4002 ut
202 3945 366 4014 sustinere
388 3973 429 4019 se
449 3979 513 4027 non
541 3984 692 4059 possent,
719 3989 751 4042 et
772 3982 1122 4078 aedere‘cogcrentur,
1152 4003 1180 4060 cl
1195 3984 1257 4068 illut
1282 4055 1285 4090 ,

148 4047 286 4131 propriis
308 4058 455 4127 manibus
475 4071 652 4162 stringere,
683 4091 718 4144 ut
738 4085 901 4170 singultus
932 4102 1078 4167 eroldus
1099 4097 1255 4172 emcwtflffl
1282 4151 1285 4193 ,

141 4149 278 4220 suiiene
298 4159 455 4241 valerent.
482 4172 594 4263 Aliqui
611 4178 994 4268 jaeobum-immobiliter
1005 4215 1139 4292 postrato·
1157 4189 1253 4282 ΜΨ)
1282 4207 1284 4274 l
