2640 4792
688 97 751 162 1⁰2

134 301 211 352 eunt
240 280 426 350 nnmeribns
458 277 670 362 emittebant,
696 285 732 341 et
751 295 812 360 pro
830 284 943 342 nostre
961 277 1104 360 pacifica
1128 279 1305 346 inductio·

133 389 307 470 instabant,
328 383 461 470 quilibet
481 393 636 468 patronus
658 401 717 465 pro
736 383 808 451 stris
829 383 1021 464 peregrinis
1042 383 1088 446 Et
1109 388 1305 470 accipiente

134 512 267 561 munera
287 502 491 578 patronorum
508 489 745 574 premittebant,
759 506 797 552 se
815 487 955 554 fideliter
973 490 1156 554 nebtoenm
1175 501 1305 554 πίω

134 602 420 682 Interrogaveruut
440 605 548 661 autem
568 595 695 677 patroni
716 593 863 661 cencres
874 595 1019 678 Mauros,
1038 613 1101 660 ctu·
1125 613 1213 660 cum
1240 606 1305 658 tnnc

134 705 278 789 potentia
302 702 533 785 advenissent,
554 709 587 763 ct
609 719 694 785 quae
720 699 913 782 necessitas,
939 703 1137 784 peregrinus
1172 702 1305 764 iucrnm

136 827 210 874 cum
230 817 277 874 tot
298 807 430 872 armatis
448 806 611 870 inducere.
642 805 697 868 Ad
718 807 780 868 hcc
804 803 1052 889 responderunt,
1069 804 1165 890 qnod
1188 804 1305 867 Araba

135 915 178 978 de
198 913 280 978 locis
301 911 440 976 desertis
462 911 686 976 ascendissent
705 911 739 973 in
760 917 878 974 terram
903 908 938 972 in
953 929 1073 992 magna
1089 912 1304 992 multitudine,

136 1029 171 1084 et
190 1019 368 1102 spoliarent
385 1018 556 1082 obviantes
587 1017 654 1098 eis,
683 1033 746 1078 nce
766 1012 862 1080 alicui
883 1024 1071 1099 parcerent,
1103 1017 1175 1081 nisi
1201 1027 1303 1099 poten·

136 1123 271 1188 tionibus
305 1140 361 1189 sc:
399 1131 433 1189 ct
465 1121 533 1205 Μ
570 1129 645 1186 oeta
681 1120 857 1185 uerutum
891 1139 1043 1204 mgnum
1074 1122 1110 1184 in
1149 1123 1301 1184 mentibus

137 1227 307 1309 ducerent,
331 1236 364 1290 et
384 1228 492 1310 opinio
513 1227 684 1295 multorum
704 1233 812 1308 esset,
842 1224 1082 1314 quodpropter
1115 1231 1299 1310 peregrinor

136 1333 339 1398 Christianos
370 1342 526 1398 venturos
557 1331 649 1399 illum
679 1331 858 1395 exercitum
887 1329 1106 1414 collegissent.
1154 1331 1195 1394 ld
1228 1334 1297 1396 citor

137 1457 211 1504 cum
232 1438 306 1502 forti
336 1437 635 1522 manumisissent,
666 1446 703 1500 ut
726 1453 788 1500 nos
806 1442 876 1501 tute
897 1437 933 1501 in
959 1433 1150 1502 Jerusalem
1176 1447 1294 1520 possent

138 1542 267 1606 ducere.
314 1541 449 1607 Praeter
481 1543 567 1605 harre
587 1595 594 1617 ,
611 1556 746 1606 causam
781 1539 868 1605 illius
899 1542 1052 1609 insolitae
1091 1541 1292 1606 multitudini

137 1648 234 1714 aliam
262 1647 473 1728 assignabant
504 1646 634 1730 quidem
662 1647 824 1728 dicentes,
855 1646 942 1728 qued
962 1649 997 1710 in
1022 1647 1088 1712 isto
1108 1667 1192 1710 vere
1223 1648 1289 1710 sectr

137 1753 181 1818 sit
200 1749 310 1816 valida
337 1759 514 1835 tempestas
534 1753 568 1816 in
589 1753 721 1835 regione
742 1751 884 1817 civitatis
903 1751 1052 1834 Mechne,
1080 1754 1138 1818 ubi
1156 1752 1288 1834 temptm

136 1857 299 1941 sepulchri
345 1855 546 1924 detestabilis
587 1857 785 1923 Machorneti
818 1865 887 1938 est,
933 1857 969 1918 in
1003 1873 1068 1940 qua
1113 1867 1287 1940 tempestate

138 1963 247 2048 fulgur
267 1961 308 2028 de
334 1962 426 2027 caelo
455 1963 589 2046 cecidit,
617 1972 650 2025 ct
678 1961 886 2045 sepulchrum
910 1960 1107 2026 Machcmeti
1134 1980 1208 2026 mun
1232 1959 1287 2042 eju

138 2067 310 2133 maledicto
331 2085 466 2149 corpore
493 2069 672 2137 combussit
699 2076 731 2130 et
752 2067 786 2130 in
806 2064 973 2150 pulverem
994 2065 1128 2150 redefflft
1172 2071 1288 2148 Exque

139 2173 226 2235 iacto
248 2173 301 2234 sni
323 2171 467 2237 cultores
487 2181 712 2257 argumentum
733 2171 926 2236 cessationis
945 2189 1026 2234 suae
1040 2174 1287 2256 perversissime

138 2275 225 2359 legis
260 2277 441 2360 accipiunt,
471 2286 519 2350 ,et
550 2277 754 2353 Glrristiancs
792 2276 842 2338 eis
886 2275 1106 2343 demimtnros
1142 2287 1286 2342 mamert:

138 2381 260 2448 ideirco
282 2399 355 2451 cnm
375 2381 491 2448 valida
509 2398 607 2454 manu
627 2390 802 2463 venerunt,
823 2399 866 2442 ne
894 2380 1015 2464 aliquid
1038 2401 1099 2468 per
1117 2383 1286 2468 peregrinos

138 2487 209 2552 fieri
228 2497 349 2572 posset
393 2488 525 2571 Atrabas
540 2497 646 2570 atttem
668 2505 789 2555 causae
811 2486 940 2550 fuerunt
967 2505 1077 2552 verae.
1122 2487 1304 2554 Secundam*

140 2602 248 2658 autem
270 2591 515 2656 dellacltometi
531 2593 779 2659 comminutione
795 2590 860 2674 ipsi
881 2609 947 2656 uon
958 2591 1111 2659 urenae
1122 2595 1286 2672 manifeste,

139 2697 200 2762 scd
221 2698 282 2765 init
301 2697 394 2764 nobie
420 2716 479 2779 per
508 2697 669 2780 quendam
701 2697 919 2771 Memnonia
952 2697 1087 2765 occulte.
1108 2700 1201 2766 dicta
1233 2697 1303 2762 δώ

141 2821 183 2864 uc
203 2801 346 2867 ctdtcres
373 2800 572 2867 Moenemett
601 2800 799 2887 diffiderent,
833 2812 866 2866 et
887 2799 1117 2887 demutarent,
1146 2813 1179 2870 ct
1205 2823 1287 2888 perc·

140 2905 363 2989 grinatinuem
384 2921 481 2988 quam
501 2923 608 2971 annue
628 2908 662 2970 in
682 2908 834 2972 Meelram
857 2907 994 2990 facium,
1018 2907 1216 2996 dimitterent,
1234 2909 1302 2972 trlr¹

141 3008 343 3089 mendacium
379 3011 647 3094 excogitaverint
677 3010 865 3077 sacerdotes
892 3002 1017 3084 curum.
1063 3013 1182 3080 Dicunt
1205 3015 1301 3096 cuins

141 3115 247 3180 Deum
277 3112 468 3177 Sarracenis
494 3115 558 3180 hcc
588 3135 674 3180 auno
706 3115 809 3180 inisse
843 3118 977 3185 nimium
1005 3116 1164 3204 dossum
1184 3131 1213 3184 st
1239 3137 1301 3184 eost

142 3221 288 3287 voluisse
309 3219 438 3308 penitus
460 3219 633 3286 delevisse.
676 3221 746 3285 Sed
776 3222 1003 3290 Machometns
1037 3223 1215 3290 intercessit
1238 3243 1300 3306 pret

143 3330 202 3414 eis,
224 3337 256 3392 et
277 3325 383 3393 Deum
404 3327 528 3410 petivit,
550 3337 586 3390 nt
605 3335 768 3390 averteret
788 3328 869 3391 iram
888 3329 929 3391 ab
948 3329 1010 3411 eis,
1024 3337 1058 3395 ct
1077 3329 1113 3395 in
1130 3347 1165 3394 se
1183 3330 1300 3400 malunt

144 3451 253 3498 eorum
273 3441 488 3518 retorqueret3
511 3450 607 3515 qnam
628 3432 814 3514 petitionem
835 3432 926 3496 Deus
947 3431 1088 3516 enutrit,
1120 3443 1149 3498 et
1167 3435 1299 3500 menet

143 3539 243 3601 misso
278 3537 319 3600 de
354 3538 447 3605 coelo
482 3555 600 3619 ccrpus
629 3536 701 3619 ejus
731 3538 951 3620 comsumpsit.
994 3539 1070 3604 Hoc
1105 3541 1299 3604 mendacinut

143 3641 259 3722 popule
280 3641 484 3724 praedicant,
512 3651 546 3704 et
565 3641 667 3725 mujer
683 3643 750 3725 jam
773 3651 824 3707 est
841 3643 1061 3728 peregrinatio
1083 3643 1125 3710 ad
1140 3645 1299 3726 {tetros

143 3761 238 3825 qnam
260 3747 349 3826 prius
370 3744 483 3810 fuerat.
506 3745 557 3808 ue
575 3747 632 3811 illa
647 3749 903 3830 peregrinatione
922 3748 1001 3829 vide
1020 3751 1151 3831 pert-11.
1172 3749 1225 3815 tol.
1236 3750 1278 3814 ⁰2
1295 3771 1298 3814 t

144 3850 271 3914 lntcrea
310 3848 385 3912 dum
417 3852 543 3930 petenti
583 3871 658 3920 cum
689 3851 826 3917 dominis
858 3853 1144 3938 conquerentur„
1162 3855 1298 3920 vid-ut

144 3949 240 4014 alium
268 3971 388 4017 novum
419 3955 597 4020 exercitum
626 3958 669 4022 ad
698 3958 776 4023 litus
806 3961 906 4024 maris
937 3960 1137 4042 venientem,
1167 3958 1297 4046 inquot

144 4055 289 4122 exercitu
306 4075 370 4120 non
392 4067 484 4123 erant
503 4061 596 4142 equi,
615 4062 676 4127 sed
697 4063 769 4145 (B)
791 4063 1010 4130 tantummode
1029 4065 1122 4148 esici,
1138 4064 1185 4148 qni
1200 4067 1297 4128 erecti

143 4161 270 4228 collecti
291 4161 334 4226 de
355 4160 495 4228 diversis
516 4163 640 4259 villrdis
656 4185 716 4249 prc
728 4168 831 4234 nobis
854 4169 962 4236 lnillo
977 4170 1136 4240 asinorum
1145 4171 1273 4254 uoroitn,
1295 4197 1296 4220 t
