2774 4776
688 77 750 144 ¹19

122 268 221 344 parm
238 261 336 324 rosan
355 268 434 326 sunt
455 259 518 324 (lna
539 259 707 345 foramina,
728 280 787 344 per
812 275 897 344 quae
925 269 1037 343 potest
1072 263 1168 330 bomo
1200 273 1298 347 capot

123 367 287 448 eminere,
308 373 341 428 et
369 385 428 450 per
456 385 496 428 ea
527 367 714 432 emittuntur
746 369 842 433 funes
869 363 1079 433 onobonor'nm
1098 362 1141 433 'et
1169 389 1227 453 per
1259 387 1299 437 οι

118 473 290 539 anchorae
309 471 521 554 attrahuntur,
542 491 604 536 nec
624 493 713 541 mare
723 479 832 559 potest
848 487 907 555 per
925 472 983 536 illa
996 473 1154 540 foramina
1164 477 1297 570 intrare,

121 578 190 642 nisi
211 578 340 664 quando
362 586 438 640 sunt
458 577 607 660 ingentes
629 587 853 664 tempestates.
880 577 1033 645 Rostrum
1055 587 1162 644 autern
1182 597 1298 662 prorae

123 694 179 748 est
201 681 302 748 altum
324 693 507 770 externum,
528 703 549 780 a
568 704 633 772 quo
645 687 769 748 'venter
789 686 892 748 navis'
907 685 1028 750 reflecti
1054 684 1167 768 incipit
1187 692 1299 748 contra

121 808 224 870 mare.
247 789 355 855 Habet
382 789 479 853 etiam
500 809 595 873 prora
615 791 779 874 proprium
797 789 916 873 velum,
937 791 1056 855 dictum
1080 788 1298 873 totumquo

122 895 305 980 vulgariter
327 877 500 961 trinhetum
521 895 706 978 nominant3
730 905 762 958 et
781 893 879 959 babet
899 896 1016 959 subtus
1030 914 1127 958 unam
1148 911 1299 960 cameru-

123 999 203 1084 lam,
225 1003 259 1064 iu
277 1018 377 1088 quam*
396 1000 490 1064 tunes
507 1010 539 1064 et
560 1000 636 1063 vela
656 1000 865 1084 trajiciuntur,
888 1009 920 1063 et
943 1001 977 1063 in
990 1019 1031 1064 ea
1051 999 1165 1064 dormit
1184 1015 1300 1082 prorae

124 1093 324 1190 praesemina,
347 1107 422 1192 quia
444 1107 591 1189 proprios
610 1107 708 1168 habet
730 1104 902 1190 officiales,
932 1107 986 1189 qni
1015 1105 1144 1169 nonnisi
1172 1104 1207 1168 in
1226 1105 1299 1186 ipsa

123 1211 274 1297 habitunt
296 1220 329 1274 et
350 1211 526 1295 disponunt
553 1211 598 1274 ibi
627 1211 754 1296 agenda
766 1258 776 1296 ,
805 1219 838 1273 et
865 1220 917 1272 est
943 1209 1034 1272 locus
1062 1227 1240 1294 pauperum
1265 1217 1298 1273 et

121 1319 326 1404 miserorum,
353 1335 435 1400 quos
455 1317 544 1380 servi
566 1335 681 1398 prorae
710 1315 911 1398 recolligunt.
939 1313 1105 1380 'Pendeat
1133 1319 1230 1380 etiam
1257 1317 1296 1379 ab

125 1421 266 1508 utraque
293 1431 386 1506 purte
415 1402 713 1508 prorao''anchopae
735 1423 860 1486 ferreae
881 1437 1039 1505 magnae,
1070 1439 1131 1484 suo
1154 1431 1298 1502 tempore

123 1529 159 1592 in
181 1547 276 1599 mare
295 1524 522 1611 projiciendae.
565 1527 689 1612 Puppis
712 1523 904 1610 aliagaliae
918 1525 1106 1594 extremitas
1127 1529 1295 1610 posterior,

1 1624 11 1699 Δ
122 1652 191 1696 non
214 1643 264 1697 eat
286 1643 382 1714 acuta
404 1642 517 1698 contra
538 1651 627 1696 mare
647 1635 732 1722 sicut
753 1648 859 1716 prora,
878 1646 940 1696 uec
961 1631 1065 1696 babet·
1079 1641 1217 1697 rostrum
1237 1629 1297 1694 sed

123 1747 180 1804 est
204 1738 272 1817 lata
296 1739 337 1804 ab
367 1739 432 1802 alto
462 1739 611 1802 deorsum
642 1739 675 1800 in
701 1732 824 1822 'aquam
857 1755 994 1802 recurva
1010 1747 1051 1800 et
1075 1738 1175 1804 multo
1203 1737 1298 1802 altior

123 1861 223 1928 quam
244 1863 349 1928 prono,
371 1845 494 1909 habens
510 1841 691 1908 eobanum
705 1845 804 1907 altum
819 1844 904 1926 quod
920 1845 1086 1907 nominant
1112 1817 1294 1908 castellum·

122 1947 366 2037 dependetque
361 1947 401 2014 ab
424 1967 465 2012 ea
484 1949 517 2012 in
531 1951 612 2014 mari
633 1959 718 2012 temo
740 1949 812 2012 sive
825 1947 1087 2031 gubernaculum,
1101 1965 1200 2030 supra
1211 1944 1296 2031 qnod

122 2055 159 2117 in
191 2035 370 2128 cancellato
407 2053 615 2118 tabernaculo
652 2055 774 2118 residet
800 2055 996 2138 gubernator
1031 2052 1159 2118 clavum
1198 2068 1296 2116 mann

123 2169 251 2228 tenens
300 2159 415 2222 Habet
440 2169 547 2226 autem
580 2161 749 2226 castellum
776 2162 838 2224 tria
866 2160 1055 2224 interstitia:
1100 2176 1295 2240 supremum,

122 2265 244 2373 inquo
262 2266 469 2355 gubernator
477 2274 530 2328 est
551 2274 584 2327 et
603 2263 700 2330 stella
721 2266 839 2348 maris,
861 2273 894 2328 et
914 2264 1120 2348 gubernatori
1143 2266 1295 2328 intimans

125 2370 225 2436 uraris
223 2361 359 2435 stellae
381 2361 634 2454 dispositionem,
649 2379 682 2432 et
698 2371 901 2452 inspectores
918 2369 1060 2432 siderum
1070 2377 1102 2430 et
1113 2377 1294 2450 ventorum,

123 2493 167 2538 ac
185 2477 285 2538 maris
300 2475 426 2539 uiarum
446 2485 650 2558 ostensores3
673 2475 828 2560 medium,
846 2475 880 2537 iu
901 2494 966 2558 quo
987 2483 1038 2536 est
1053 2471 1295 2538 tabernaculum

122 2577 246 2646 domini
274 2580 418 2670 patroni,
450 2587 483 2642 et
504 2579 657 2644 nobilium
683 2598 815 2642 suorum
836 2579 1005 2643 consulum
1032 2586 1066 2639 et
1091 2593 1295 2640 commensa-

124 2684 220 2767 lium3
253 2681 397 2750 intimum
418 2687 473 2750 ubi
504 2695 555 2748 ost
592 2687 683 2750 locus
714 2685 924 2750 foeminarum
957 2683 1118 2748 nobiliumn
1139 2691 1295 2745 nocturno

126 2799 296 2873 tempore,
305 2797 337 2853 et
359 2799 598 2875 reservaturum
619 2783 842 2858 thesaurorum
874 2790 992 2854 domini
1022 2789 1148 2872 patroni
1176 2797 1208 2850 et
1233 2788 1296 2852 boc

124 2891 345 3014 habitaculpm
381 2915 446 2958 non
477 2896 574 2964 habet
605 2895 714 2960 lumen
736 2895 801 2959 uisi
832 2910 892 2978 per
928 2893 1087 2960 foramina
1118 2894 1295 2976 superioris

127 2973 341 3083 pavimenti.
378 2996 435 3064 nd
451 3007 637 3107 utrumque
673 3001 759 3065 latus
790 3001 908 3084 puppis
938 2997 1123 3082 dependent
1154 2999 1295 3082 scaphae

127 3105 202 3168 sive
233 3107 367 3168 barcae:
389 3123 455 3196 uua
476 3098 612 3192 ιιιιιινιιιι,Ι
633 3106 696 3170 alia
716 3123 833 3191 parva,
855 3105 993 3184 quaein
1022 3123 1113 3170 marc
1129 3108 1296 3170 mittuntur

126 3213 171 3273 ia
187 3209 353 3293 portubus,
376 3211 462 3274 etin
485 3212 533 3273 eia
554 3213 701 3275 homines
723 3211 912 3295 educuntur,
930 3221 964 3275 et
985 3211 1027 3275 aul
1039 3213 1125 3276 latua
1147 3211 1295 3274 dextrum

129 3322 208 3377 sunt
228 3314 361 3400 gradus,
383 3335 441 3398 per
469 3335 552 3400 quos
574 3318 607 3380 iu
641 3334 729 3380 mane
756 3322 808 3380 est
833 3317 1044 3380 descenu'ns
1032 3335 1068 3380 ιιι
1097 3316 1229 3398 barcas,
1263 3325 1296 3376 et

126 3437 305 3488 ncensnst
330 3429 363 3483 et
383 3420 482 3498 babet
503 3417 600 3486 etiam
622 3425 784 3506 proprium
805 3422 924 3505 velum,
944 3421 1051 3504 majus
1072 3437 1170 3506 quarn
1186 3420 1295 3485 volum

126 3545 243 3608 prorae
250 3571 261 3610 ,
284 3525 371 3610 quod
392 3525 556 3590 nominant
577 3527 747 3592 mezavala
767 3525 800 3589 id
821 3534 871 3590 eat
893 3525 1031 3591 medium
1051 3529 1175 3592 velum:
1196 3527 1295 3590 latine

126 3629 277 3697 dicuntur
316 3629 509 3716 epidromus.
562 3633 600 3694 ln
643 3653 682 3697 eo
719 3633 815 3696 etiarn
859 3648 987 3715 semper
1037 3643 1088 3696 est
1138 3631 1295 3697 vexilium

128 3743 287 3820 erectum,
320 3737 362 3800 ad
393 3735 640 3802 discernendum
671 3747 842 3802 ventorum
872 3741 997 3801 varium
1032 3735 1153 3808 flatum.
1192 3739 1296 3800 llxtro

126 3839 357 3905 habitationem
389 3843 509 3927 puppis
538 3853 613 3925 post
636 3843 698 3909 duo
728 3853 868 3911 transtra
898 3843 938 3906 erl
964 3844 1049 3907 latus
1076 3841 1223 3906 dextrum
1244 3852 1297 3905 eet

127 3944 268 4028 coquina
298 3966 362 4010 ιιοιι
383 3956 517 4029 operta,
552 3956 584 4009 et
613 3951 674 4011 sub
704 3951 841 4032 coquina
864 3958 913 4011 est
935 3949 1070 4033 cellere,
1095 3959 1128 4013 et
1152 3970 1172 4012 a
1193 3951 1295 4012 latere

126 4049 286 4133 coquinae
314 4062 362 4115 est
385 4053 546 4116 stabulum
562 4053 740 4118 bestiarum
765 4054 1016 4136 mactandarum,
1032 4063 1068 4116 et
1089 4064 1176 4118 stant
1197 4054 1294 4118 mmai

126 4173 226 4237 oves,
248 4174 381 4240 caprae,
404 4158 514 4242 vituli,
538 4159 657 4241 boves,
679 4163 982 4242 vacoaeetpor013
1005 4171 1038 4222 et
1059 4169 1296 4242 cousequenter
