2716 4798
152 265 489 358 quacunquemateria
501 263 612 347 veliet,
623 271 658 326 et
677 263 742 348 ipsi
759 263 802 328 de
819 265 921 329 tribus
938 267 1033 350 equis
1047 263 1215 328 melioris
1231 263 1337 326 format

152 393 270 458 equum
299 369 436 455 (ers)
469 367 592 454 eligere
620 370 760 454 vellent,
804 381 838 435 et
866 370 1046 434 secundam
1074 389 1154 433 eum
1210 387 1337 432 senem

152 497 270 565 equum
297 477 369 542 lieri
400 485 563 560 oportere:
595 475 685 540 iilum
717 496 797 541 vero
819 475 992 556 artificem,
1023 476 1080 557 qui
1110 475 1337 540 formatium:

151 603 270 670 equum
292 583 442 667 lecisset,
472 583 557 645 nitra
586 583 732 666 precium
762 591 918 646 statutum
949 582 1142 645 muneribus
1174 581 1337 643 honorari

151 689 366 754 intenderunt
418 687 662 752 Convenientes
702 697 810 750 autem
841 695 909 751 tres
941 687 1129 769 sculptores
1161 683 1337 760 Venetiae

151 814 237 860 nnus
257 795 335 858 lecit
356 809 473 876 equum
495 809 538 858 ex
558 793 648 878 ligno
676 796 868 876 cooperiens
889 793 977 856 corio
999 795 1113 874 nigro,
1144 791 1215 872 qui
1243 791 1337 864 stalla]

154 901 189 965 in
212 899 338 984 capella
355 899 519 982 praescia:
542 907 575 962 et
595 897 642 961 ita
662 897 765 961 vivax
786 907 856 960 erat
877 899 941 961 hoc
967 888 1231 978 simulachrum,
1255 897 1332 978 quot.

152 1005 217 1070 nisi
238 983 427 1089 magmtnto
445 1001 576 1068 irisclita
596 1011 628 1064 et
643 1001 854 1065 immobilitas
870 1019 988 1084 equum
1007 999 1097 1064 illum
1118 1011 1203 1063 arte
1226 1003 1337 1064 factm

152 1109 312 1196 proderet,
332 1109 439 1192 ipsum
460 1125 537 1172 asse
557 1106 736 1170 naturalem
756 1107 851 1170 homo
871 1109 988 1168 vivens
1008 1107 1225 1198 aestimaret.
1248 1107 1328 1167 Aiin

154 1215 274 1280 artifex
295 1231 413 1299 equum
434 1212 528 1276 linxit
549 1229 591 1274 ex
610 1211 688 1294 luto,
705 1221 739 1274 et
746 1214 781 1274 in
799 1204 933 1274 lorna'ce
948 1211 1080 1274 decoxit
1095 1211 1325 1274 subruissma

154 1317 421 1402 remeaturum
443 1315 560 1380 colore.
584 1317 713 1379 Tertius
735 1335 777 1378 ex
797 1331 874 1378 cera
893 1317 1056 1398 compegit
1080 1335 1213 1399 equum
1238 1317 1324 1378 amna

154 1423 398 1505 elegentissime
416 1421 597 1484 formatum.
640 1421 686 1484 iit
704 1421 792 1484 hunc
812 1421 930 1488 Veneti
958 1420 1151 1503 elegerunt,
1183 1431 1321 1505 tanqum

154 1529 260 1609 magis
283 1524 494 1608 artificialem,
516 1527 769 1610 magistrumque
789 1536 1085 1588 remuneraverunt.
1112 1524 1212 1603 Quia
1235 1537 1320 1588 auten

155 1629 198 1696 de
219 1647 303 1714 equo
325 1628 491 1692 fundendo
513 1647 588 1693 aere
609 1629 676 1713 fiet,
691 1649 756 1693 non
777 1629 905 1692 audivi:
928 1629 1011 1705 ferte
1032 1631 1129 1693 etiam
1151 1631 1318 1696 dimittent:

155 1736 229 1802 viso
252 1753 330 1818 ergo
350 1734 407 1799 illo
428 1732 601 1798 Conventu
621 1741 655 1798 et
675 1735 727 1798 his
748 1753 831 1820 quae
852 1734 1035 1800 dictasunt
1054 1739 1190 1799 reversi
1225 1753 1320 1800 sunm

155 1843 190 1907 iu
210 1839 316 1906 locum
336 1848 493 1904 nostrum

241 2046 365 2127 Quarta
397 2050 466 2136 die,
499 2067 584 2133 quae
602 2057 676 2112 erat
709 2017 870 2124 demidioa
903 2047 1031 2114 Vocem
1057 2049 1319 2136 jucunditatiset

158 2154 276 2220 lestum
314 2155 529 2223 Beatissimae
569 2154 718 2236 Virginis
751 2153 786 2216 S.
816 2155 1019 2239 lietharinae
1051 2155 1094 2218 de
1135 2154 1260 2239 Senis,
1291 2155 1319 2218 de

157 2259 354 2346 poenitentia
376 2257 411 2328 S.
423 2259 583 2327 Dominici
603 2259 813 2322 transivimus
830 2258 871 2321 ad
891 2259 1121 2322 §.iohannem
1138 2261 1337 2340 eti’auinn,

158 2374 191 2429 et
210 2365 255 2427 ibi
276 2367 476 2448 processioni
497 2356 633 2456 solemni
654 2369 687 2425 et
708 2361 824 2444 Officio
847 2363 956 2428 divino
985 2362 1144 2431 ominus
1193 2369 1239 2430 iit
1261 2375 1316 2428 erat

157 2477 227 2534 tota
265 2469 407 2534 ecclesie
443 2471 542 2554 piena
568 2469 754 2536 homnibus
783 2478 817 2532 et
843 2468 964 2532 multae
992 2459 1138 2551 Reginae
1180 2471 1316 2534 eiusdem

158 2574 288 2638 habitus
310 2583 402 2638 erant
428 2577 484 2638 ibi.
530 2574 632 2637 Porro
654 2574 737 2638 inira
757 2569 909 2636 Officium
934 2575 1073 2638 transivi
1100 2573 1141 2639 ad
1174 2577 1316 2638 ambitum

158 2679 303 2758 iratrum,
316 2685 350 2739 et
371 2679 477 2758 reperi
495 2678 540 2741 ibi
555 2685 774 2743 transeuntem
787 2677 919 2742 fratrem
932 2675 1064 2742 Ordinis
1085 2681 1158 2763 mei,
1169 2679 1315 2742 ferentem

157 2781 300 2864 iusignia
320 2781 562 2862 peregrinorum
588 2789 693 2844 terrae
724 2790 875 2868 sanctae,
900 2782 941 2846 de
969 2785 1137 2866 provincia
1158 2783 1314 2863 Franciaa

159 2893 193 2950 et
213 2883 254 2948 de
274 2893 437 2948 conventu
460 2885 635 2969 Ipsulensi,
655 2887 712 2971 qui
732 2890 835 2951 etiam.
851 2891 1008 2971 navigare
1029 2889 1197 2954 nobiscum
1217 2893 1313 2952 irrien-

159 2989 272 3072 debat3
285 3005 357 3052 cnm
376 2988 430 3052 illo
444 3009 522 3074 ergo
543 2993 690 3057 contraxi
703 2993 860 3076 notitiam,
871 3002 904 3055 et
924 2992 1040 3056 ioedns
1061 2993 1159 3058 simui
1172 2994 1313 3058 inivimus

157 3113 216 3179 pro
238 3101 348 3158 nostra
380 3095 608 3169 ormolatioue.
651 3095 874 3162 Vemutamen
898 3097 933 3159 in
961 3114 1066 3161 meam
1100 3093 1224 3181 galiam
1254 3118 1309 3162 nan

157 3201 265 3285 vonit,
287 3198 346 3263 sed
375 3199 409 3263 in
430 3199 542 3266 aliam:
572 3218 672 3283 saepe
692 3209 800 3264 tamen
820 3207 855 3265 iu
876 3202 1060 3266 Jerusalem
1081 3203 1156 3285 ipse
1174 3204 1265 3286 mihi,
1285 3211 1310 3264 et

157 3325 220 3391 ego
248 3307 327 3390 sibi,
349 3306 383 3369 in
408 3305 661 3371 consolationem
691 3305 791 3370 venit.
827 3302 915 3369 'Post
942 3305 1112 3389 prandium
1146 3323 1203 3389 ego
1231 3310 1311 3370 solus

158 3411 312 3492 navigavi
333 3411 374 3476 ad
396 3411 431 3476 S.
455 3409 678 3494 Dominicum,
699 3419 735 3474 ut
760 3411 903 3477 viderem
926 3412 1041 3476 Patres
1065 3422 1098 3474 et
1118 3411 1310 3476 ostenderunt
1336 3469 1337 3492 2

158 3511 235 3575 mihi
255 3531 384 3576 morium
406 3532 502 3579 uriam
528 3519 687 3600 integram
706 3516 926 3579 beatissimae
953 3517 1102 3600 Virginis
1131 3514 1309 3580 liutharium

160 3611 318 3698 tasonis,
334 3615 431 3679 valde
451 3615 621 3685 delicatam
643 3627 676 3684 et
690 3637 849 3704 grossam,
872 3600 945 3686 cum
967 3618 1163 3696 carnibus'et
1179 3623 1307 3705 ossibus,

159 3734 254 3804 quam
276 3727 309 3783 et
330 3717 523 3804 aliquotiens
539 3720 745 3786 deosculatus
768 3725 826 3793 fni.
850 3727 888 3789 iu
910 3726 1023 3790 eodem
1041 3725 1206 3790 Conventa
1221 3729 1304 3790 etiam

159 3823 264 3904 reperi
288 3823 449 3906 quendam
482 3825 613 3890 iratrem
636 3825 768 3890 Ordinis
790 3828 831 3892 de
850 3829 992 3912 Neapoli
1018 3833 1162 3916 insignit
1175 3835 1303 3915 peregri-

158 3943 271 3990 ncram
292 3928 398 3991 sancti
425 3929 587 4011 sepulchri
615 3931 795 3997 ferentem:
823 3952 898 3998 oum
929 3954 992 4017 quo
1021 3942 1117 4001 etiam
1137 3938 1299 4000 societatem

159 4029 231 4096 ieci.
273 4029 341 4095 Sed
362 4047 424 4094 neo
444 4032 516 4112 ipse
536 4035 570 4096 in
602 4052 707 4100 meam
727 4036 855 4119 galtiam
886 4040 948 4103 init
981 4049 1139 4126 receptus.
1176 4039 1245 4105 i‘ost
1263 4041 1296 4104 ad

152 4133 330 4220 'hospitium
351 4135 483 4217 navigio
506 4153 657 4200 reversus
679 4157 761 4203 rum.
