2768 4780
612 93 683 180 eol

51 315 138 382 ergo
171 295 206 359 io
238 291 311 358 looo
346 292 405 390 illo¹
434 313 478 361 en¹
501 295 734 380 processionali
766 295 921 381 legenda,
954 303 988 360 et
1016 298 1231 391 indulgentias

48 403 243 488 accepimns
266 401 335 483 (is).
901 405 904 414 “
970 406 975 414 ’

141 505 269 576 Deinde
291 506 426 571 dimisso
448 507 503 575 illo
524 507 596 571 looo
629 507 714 571 ultra
738 511 973 594 processimus,
1002 518 1037 575 et
1057 513 1091 574 in
1111 513 1168 576 via
1189 512 1231 576 ad

49 615 144 678 latus
170 612 287 676 domus
314 613 517 704 Marthama}
551 614 775 695 transivimuS,
809 624 963 698 quaeest
996 619 1077 680 sotis
1098 636 1228 704 magua,

49 740 99 783 ex
120 717 454 802 oppositoeoalesiao
475 717 575 802 Syon.
619 719 656 780 In
678 717 734 780 illa
756 717 849 782 domo
872 730 948 784 sunt
971 721 1129 808 quaedam
1157 723 1230 788 foe-

54 828 169 888 minae
191 823 232 886 de
259 823 367 898 ltalia.
393 823 608 908 christianae,
641 822 687 886 de'
703 824 766 886 ritu
800 831 930 907 nostro,
962 845 1046 910 quae
1080 827 1230 895 Marthae

50 931 193 994 fratrum
207 936 381 1012 vomatur,
401 929 476 1013 quia
487 929 639 994 fratribus
655 931 801 992 serviunt
812 931 1067 1014 propterlleum,
1079 931 1230 1017 lavando,

50 1035 202 1118 suendo,-
229 1033 351 1116 nendo,
374 1042 406 1096 et
428 1034 598 1098 eoolesiam
623 1036 754 1100 fratrum
778 1035 993 1120 frequentant.
1037 1036 1122 1100 Sunt
1144 1040 1230 1103 euim

50 1141 199 1220 vetulae,
217 1138 316 1206 valdo
336 1147 479 1220 matume
492 1149 534 1215 ¹et
552 1142 720 1224 honestae,
743 1139 900 1222 degentes
918 1141 979 1202 suh
1001 1143 1097 1218 tertia
1118 1143 1230 1228 regula

50 1245 91 1326 S„
122 1243 310 1326 Francisoi,
341 1261 427 1330 oum,
446 1244 545 1308 multa
576 1246 733 1328 patientia
755 1252 789 1321 et
814 1246 1018 1311 sustinentia
1061 1247 1138 1313 Non
1169 1249 1229 1318 fuit

52 1349 192 1433 elapsus
208 1367 306 1423 unus
328 1368 449 1436 antuus,
482 1349 611 1433 quando
631 1351 665 1415 in
687 1349 870 1429 Jerusplem
905 1351 968 1435 fui,
992 1349 1228 1436 quodquidam

51 1454 189 1520 Arabes
221 1461 317 1534 noeto
342 1453 476 1520 effracto
498 1458 581 1519 ostio
608 1475 682 1527 oum
716 1455 852 1529 tumultu
874 1454 998 1522 illarum
1032 1457 1229 1531 dominarum

52 1562 89 1622 in
113 1559 243 1623 domum
262 1559 453 1644 inurerent,
489 1569 525 1639 et¹
542 1563 648 1634 omnin
676 1561 1001 1644 ropertarapientes,
1026 1563 1230 1648 aufugerunt,

54 1665 154 1728 domo
183 1663 355 1748 spoliata..
382 1662 464 1742 Cum
500 1685 596 1732 eram,
620 1667 664 1731 ibi
682 1719 687 1726 ,,
702 1665 826 1748 degens
849 1665 935 1749 (B),
962 1667 1118 1735 lavabunt
1150 1669 1229 1736 mihi

52 1768 200 1832 tunioam
222 1787 344 1854 meam,-
365 1777 397 1832 et
418 1769 613 1856 soapnlare,
627 1771 746 1837 atalia
767 1773 933 1851 charitatis
953 1792 1052 1858 opera
1073 1775 1230 1843 ostende·-

52 1873 138 1936 bant
167 1873 255 1936 milri.
310 1873 393 1938 Cum
427 1875 493 1939 illis
528 1879 646 1941 mansit
680 1878 774 1940 etiam
806 1875 862 1938 illa
894 1877 1034 1943 foemina
1066 1878 1107 1946 de
1140 1881 1231 1956 ouria

52 1978 194 2062 reginae
228 1975 348 2062 Cypri,
380 1978 421 2042 de
450 1997 515 2063 qua
536 1979 603 2043 dixi
631 1979 684 2043 fol.
707 1980 759 2048 69.
780 1979 837 2047 Α..
866 1979 970 2044 Juxta
990 1981 1078 2050 hano
1100 1982 1228 2058 domum

53 2089 175 2148 contro
196 2083 349 2149 orientem
370 2086 606 2168 processimus,
636 2093 668 2146 et
687 2102 707 2148 a
735 2085 804 2167 via,
827 2104 911 2170 quae
939 2085 1027 2155 duoit
1055 2087 1230 2153 invallem

53 2187 221 2270 Josaphat
245 2189 285 2252 ad
308 2189 459 2268 dextram
481 2190 713 2254 declinavimus
743 2189 785 2254 ad
807 2190 936 2257 domum
955 2191 1119 2274 quandam
1147 2194 1231 2267 barre

55 2295 217 2356 munitam
239 2301 273 2380 et
295 2295 457 2380 clausam,
486 2297 573 2360 siem
592 2296 705 2372 domus
735 2295 993 2360 Christianorum
1019 2305 1105 2372 sunt.
1149 2296 1230 2360 Pul-

54 2399 210 2463 santibus
232 2407 338 2462 autem
353 2401 457 2466 nobis
479 2409 643 2482 uenerunt
658 2402 805 2474 homines
823 2403 928 2487 nigri,
951 2401 1031 2468 solis
1062 2399 1230 2480 ardoribus

55 2505 188 2589 adusti,
221 2501 339 2590 longae
359 2512 523 2585 staturae,
547 2515 580 2572 et
611 2509 647 2572 in
667 2506 812 2594 vultibus
841 2507 1048 2588 cauterisati,
1081 2516 1114 2570 et
1135 2517 1229 2590 pate,-

56 2611 208 2676 feoerunt
233 2611 328 2674 nobis
360 2613 489 2684 ostium.¹
527 2613 606 2678 Erat
634 2611 719 2676 enim
749 2613 978 2684 monasterium
1012 2611 1229 2695 ludianoruru,

55 2719 91 2780 in
115 2734 182 2801 quo
204 2716 411 2780 morabantur
432 2718 581 2786 monaehi
602 2735 675 2781 oum
697 2717 862 2801 foeminis,
892 2725 926 2780 et
942 2724 1018 2796 suut
1038 2715 1080 2782 de
1102 2717 1228 2800 rigoro-

53 2821 192 2885 sissima
211 2821 297 2903 vita,
318 2824 487 2890 otmirum
509 2830 570 2906 est,
599 2821 711 2886 vidore
732 2841 842 2891 eorum
864 2821 1227 2906 despectumhobitum.

56 2929 146 2993 Cum
167 2935 274 2994 autom
304 2927 447 3012 ingressi
473 2927 663 3010 fuissemus,
701 2926 864 3012 duxerunt
890 2946 951 2995 nos
968 2947 1039 3010 -per
1070 2929 1229 3014 quoddam

56 3039 182 3100 ostium
203 3035 236 3097 in
257 3033 480 3115 hobitaoulum
502 3035 691 3116 obsonium,
716 3031 752 3106 in
779 3052 843 3118 quo
864 3041 914 3107 est
936 3032 1115 3109 desoonsus
1137 3044 1231 3100 tene-

55 3143 178 3206 brosus
200 3137 417 3222 permedium
439 3139 530 3220 rupis
551 3145 742 3223 praeruptae
749 3183 767 3219 ,
791 3145 823 3201 et
845 3139 1014 3221 perillum
1036 3140 1230 3210 descensum

57 3266 137 3310 oum
158 3245 330 3308 luminibus
351 3245 501 3320 unimus
531 3245 564 3306 in
585 3263 718 3330 specum
749 3243 946 3331 squalidum,
975 3243 1233 3326 subterraneum,¹

58 3357 157 3434 petra
177 3348 319 3432 desuper
340 3347 517 3434 pendente,
545 3355 609 3417 imo
630 3352 701 3433 ipso
725 3367 844 3432 specus
866 3365 1007 3415 oaverua
1027 3356 1139 3432 petrae
1169 3356 1230 3430 est,

59 3465 95 3520 et
123 3455 168 3529 ibi
196 3454 302 3521 locum
335 3456 488 3534 orationis
523 3456 715 3525 invenimus.
768 3455 828 3518 list
855 3451 940 3528 enim
966 3453 1030 3536 ibi,
1060 3458 1097 3514 ut
1131 3452 1231 3517 benet

59 3560 288 3643 antiquissima
305 3561 451 3643 traditio,
482 3560 574 3627 loeus
593 3559 668 3642 ille,
697 3559 731 3622 iu
753 3575 815 3640 quo
836 3557 945 3626 David
966 3559 1033 3643 egit
1061 3558 1231 3642 poeniten·

59 3667 141 3730 tiam
163 3675 418 3750 superpeooato
438 3665 609 3738 oooisionis
621 3665 737 3746 Uriae,
758 3661 800 3730 do
821 3681 884 3748 quo
905 3665 1042 3754 hebetant
1059 3664 1081 3728 2
1101 3663 1231 3746 Regum

62 3772 127 3852 ta,
149 3771 204 3834 ubi
237 3771 277 3836 da
294 3771 406 3841 ¹Dauid
434 3771 552 3836 dieitur
560 3791 571 3840 ι,
596 3772 763 3852 ingressus
785 3775 838 3853 est
867 3786 1030 3851 seorsum,
1061 3768 1232 3852 jejunum,

61 3877 185 3959 orarit,
206 3876 313 3961 flevit,
335 3877 458 3960 oilioio,
481 3875 658 3958 disciplinis
696 3873 900 3956 flagellisque
932 3892 970 3936 se
991 3873 1176 3958 castigans,
1193 3883 1233 3941 ot

60 3981 138 4050 vn.
156 3965 300 4064 psalmos
321 3980 565 4066 poenitentiales
586 3981 631 4042 ibi
654 3979 748 4060 feeit,
783 3987 815 4040 et
837 3979 981 4041 erebrius
1004 3997 1061 4044 eos
1083 3979 1178 4060 legit,
1201 3985 1233 4038 et

62 4087 192 4169 lugubri
216 4087 446 4151 lamentatione
471 4103 528 4149 eos
550 4084 735 4168 depromsit.
780 4084 853 4148 Neo
873 4092 942 4147 erat
963 4093 1106 4168 tempore
1126 4080 1233 4165 Dauid

64 4192 222 4275 spelunea
242 4171 436 4258 haeoentra
459 4193 580 4256 curiam
601 4193 698 4272 regis,
719 4187 778 4252 sod
799 4192 895 4272 intre,
913 4190 989 4272 quis
1007 4190 1097 4250 ouria
1116 4204 1232 4268 magno

960 4288 992 4344 17
1005 4287 1021 4340 r
