2644 4786
16 387 190 468 umenti,
210 401 296 470 quae
321 385 366 450 ihi
390 393 465 468 post
492 401 643 468 magnam
664 393 698 447 et
717 383 872 452 diutinam
895 385 1012 452 tamem
1032 387 1101 452 tuit.
1143 389 1186 452 st

16 493 209 575 erhptrrge
229 491 345 554 dieitur
364 489 481 556 donus
501 490 664 574 maxillae,
685 492 763 574 quia
789 491 848 555 luit
869 491 948 555 vida
969 491 1185 577 saoerdowtu,

44 598 93 658 in
115 615 160 660 ea
181 595 406 660 nutriohautur
423 612 544 677 peoora
564 595 799 679 saqifloandm
818 595 862 660 de
882 597 1000 679 qrtlhus
1025 597 1185 662 eedotont

16 699 164 764 axillas
186 702 220 763 in
240 700 419 782 partionem
441 699 655 763 sacerdotum.
700 701 743 763 Bt
769 701 810 762 ah
841 701 905 764 isto
939 701 1024 768 laeto
1059 703 1185 786 recapit

16 826 130 869 >men
148 804 342 888 Bethphago
362 803 477 866 domus
503 803 670 888 maxillae,
701 803 819 868 domus
846 823 1018 891 pecorum,
1050 825 1183 890 quorum

19 911 166 974 axillae
205 918 298 972 eraut
334 907 550 973 sacerdotum.
613 909 672 974 Sio
713 910 873 974 Bethania
909 907 1028 974 dieitur
1069 910 1185 978 domus

16 1016 242 1097 pedientiae,
272 1011 424 1097 quia'ita
449 1013 580 1098 qnidam
615 1034 676 1078 rex
702 1013 888 1080 Jerusalem
919 1013 1088 1078 castellum
1122 1015 1185 1080 hoo

16 1120 223 1202 edificavit,
250 1127 287 1180 ut
317 1127 408 1182 esset
436 1119 498 1182 suh
530 1118 716 1183 ohedientia
747 1120 856 1183 euriae
884 1119 972 1202 regis
999 1127 1033 1184 at
1057 1117 1185 1184 striati

16 1225 198 1288 erusalem
219 1225 374 1286 et·mouti
392 1221 498 1306 Syou.
538 1225 588 1285 ltu
604 1223 798 1313 Bethsames
820 1221 934 1287 domus
953 1223 1037 1287 solis
1056 1223 1183 1306 ututur,

16 1339 145 1414 ropter
165 1327 330 1412 templum,
350 1327 437 1410 quod
456 1330 491 1390 ia
513 1347 553 1390 ea
573 1337 652 1411 orat,
673 1330 707 1393 iu
729 1347 793 1411 qno
812 1327 863 1392 sol
882 1327 1057 1393 ootetatur.
1100 1327 1185 1393 Beth

16 1432 41 1492 '.l
70 1431 195 1511 domus
208 1429 464 1525 minuebatur,
486 1435 562 1516 quia
583 1435 629 1498 ibi
649 1433 845 1498 viditJaoob
868 1441 997 1500 soorota
1017 1429 1184 1518 eoelestia,

16 1544 35 1598 t
55 1537 164 1602 diuite
184 1538 313 1601 hicnon
328 1546 378 1600 est
388 1537 486 1620 aliud,
498 1539 561 1601 nisi
572 1538 686 1602 domus
697 1539 770 1622 Dei,
793 1548 830 1602 ut
844 1532 982 1604 habetur
998 1539 1117 1602 Genus.
1131 1539 1183 1604 28.

16 1643 67 1704 lie
90 1642 252 1726 Bethugla
275 1632 391 1706 dieitur
413 1642 528 1706 domus
548 1643 719 1729 planetus,
749 1645 827 1728 quia
847 1645 892 1708 ihi
913 1643 971 1708 lilii
990 1643 1186 1728 planxerunt

16 1747 131 1830 laeolt,
152 1751 277 1830 patiam
297 1765 393 1829 snpm
412 1756 571 1812 munuum
582 1796 593 1833 ,
614 1758 651 1812 nt
672 1751 811 1814 hahetur
832 1749 952 1814 Ganos.
974 1751 1034 1821 ult.
1056 1757 1117 1812 eto.

17 1897 50 1915 ..
75 1853 126 1914 nt
144 1851 191 1914 de
207 1853 318 1916 mults
342 1851 414 1914 aliis
431 1843 614 1916 not'uinibns
636 1854 786 1918 villorum
804 1871 825 1916 a
840 1851 925 1916 Beth
943 1851 1184 1937 incipientibus,

16 1975 152 2040 {uarum
173 1952 466 2039 interpretationem
483 1957 648 2025 hahss'in
660 1959 838 2040 Jermymo
860 1955 901 2020 do
920 1944 1185 2040 interpretatione

16 2064 183 2125 ruminum
210 2062 442 2125 hebraicorum.
484 2061 609 2124 Similis
639 2060 755 2125 modus
783 2060 1012 2124 denominandi
1037 2059 1184 2143 entello,

16 2165 137 2250 ›ppida
157 2173 192 2228 at
212 2164 365 2230 civitates
387 2175 438 2230 est
469 2166 503 2228 in
522 2165 705 2249 Alemauia,
738 2165 802 2230 nisi
834 2163 920 2248 quod
954 2165 987 2228 in
1009 2165 1184 2228 'lentonioo

16 2271 148 2355 syllaba
167 2271 234 2354 illa,
256 2290 339 2356 quae
362 2271 492 2334 domum
514 2270 687 2355 signifieat,
708 2273 741 2334 in
761 2270 903 2333 diutione
915 2273 1130 2353 postponitur,
1150 2266 1184 2332 in

16 2377 170 2440 Hebraeo
204 2381 418 2460 anteponitur.
468 2373 615 2451 Bidinus
652 2376 736 2451 enim
768 2373 970 2438 Offenhnsen
1009 2373 1184 2458 teutonice,

16 2483 120 2544 latine
147 2480 260 2546 domus
289 2491 417 2565 aperta,
449 2481 576 2544 ebraioo
605 2476 846 2547 Bethbolorurn.
893 2475 1056 2556 'Dioimns
1088 2479 1185 2542 etlam

16 2585 228 2656 schafhusen
249 2573 426 2667 ιειιιοιιίοιι,ι
444 2584 559 2647 domus
584 2584 657 2645 ovis
675 2583 782 2668 latino,
808 2585 1008 2647 Bethanania
1024 2581 1184 2646 hebrtlua.

16 2693 80 2756 Sin
101 2689 348 2774 orhseuhuson,
381 2689 496 2754 domus
528 2689 640 2772 bovis,
672 2689 840 2754 Betsohor.
900 2687 958 2752 sio
986 2683 1185 2769 Gtishuaen,

16 2790 273 2880 domusitupiae,
284 2795 434 2878 Bpthess.
477 2791 535 2856 Sio
547 2791 706 2875 quaedam
719 2793 798 2859 villa
813 2809 915 2877 propo
926 2791 1053 2856 Ulmum
1068 2787 1186 2854 dieitur

16 2887 262 2983 Dreokshirseu
284 2899 399 2963 domus
419 2899 587 2982 stercoris,
600 2895 798 2963 Buthssvell.
840 2901 884 2962 Bt
905 2897 934 2961 si
952 2895 1186 2979 hodia'leuto-

18 3010 87 3072 nioi
108 3014 227 3068 esseut·
239 3006 450 3087 possessores
470 3011 576 3066 terrae
596 3013 728 3087 mutae,
756 3014 833 3073 tuuo
860 3009 949 3068 reoto
970 3001 1187 3068 admiraretur

20 3110 213 3178 Bethlehem
244 3107 450 3192 Brotli'nsen‚
479 3108 674 3192 Bethphaga
713 3109 953 3198 Baggahnseu,
993 3107 1186 3174 Buthsames

16 3215 256 3300 <Somahusen3
289 3205 458 3298 -netnagn
504 3213 713 3298 Bluuhnsun,
756 3213 935 3280 Bethsaida
987 3208 1096 3291 (m
1126 3205 1184 3291 A)

23 3321 262 3403 Brnoltthuaem
291 3317 466 3386 Bethoron
500 3317 733 3403 Ahgothosou‚
783 3317 951 3381 Bothhtra
982 3313 1186 3396 Borghnsen.

24 3427 188 3492 Bethther
226 3423 433 3493 Steiuhusen.
491 3422 667 3489 Bethrama
702 3421 914 3486 Huohhnson.
975 3417 1017 3480 Bt
1056 3411 1105 3483 lto
1144 3413 1186 3478 de

26 3531 136 3596 multi·
153 3528 225 3592 aliis
245 3537 306 3592 est.

108 3635 292 3698 Bethlehem
317 3648 408 3718 argo·
428 3632 546 3696 divitus
573 3628 692 3695 nobilis
720 3637 754 3692 et
784 3629 937 3694 habitatio
968 3623 1121 3692 nohilinm
1143 3643 1185 3689 ax

29 3742 154 3824 antiquo
175 3736 253 3820 tuit,
282 3738 369 3802 unde
388 3739 473 3802 torte
492 3744 664 3817 antequam
687 3733 846 3797 diooretur
864 3733 1009 3816 llphrata
1031 3741 1063 3796 ot
1083 3729 1186 3798 Both-

29 3849 130 3912 lehem
160 3843 241 3906 diui¹
264 3844 425 3926 potuisset
444 3838 702 3921 Bethtouioron‚
739 3841 760 3900 i.
795 3857 825 3912 e,
869 3839 984 3904 domos
1020 3836 1184 3904 nobilium.

31 3949 180 4033 Quamvis
201 3965 244 4010 ex
263 3931 433 4032 So'rlptur'a
452 3965 517 4010 nou
545 3945 702 4010 habeatur
728 3943 922 4010 autheuttoo.
964 3945 1008 4010 nt
1036 3941 1186 4026 quamvis

32 4043 290 4124 fueritnotttium
306 4051 440 4136 olvltu,
462 4067 636 4138 numquam
658 4058 765 4114 tamon
787 4049 847 4114 tuit
868 4067 995 4136 magna,
1021 4048 1096 4131 quia
1122 4043 1186 4113 lodi

35 4157 191 4243 dispositio
208 4159 274 4223 u'on
294 4156 447 4220 admittit.
490 4155 562 4220 Sita
585 4165 638 4220 est
658 4173 697 4219 aa
717 4157 816 4239 supet
833 4153 946 4239 jugum
973 4150 1101 4233 montis,
1122 4167 1187 4212 non

35 4263 157 4331 multum
181 4262 240 4326 lati
272 4265 424 4346 superins
440 4261 502 4326 sod
522 4257 627 4343 longi3
659 4267 692 4323 et
721 4268 772 4323 ost
800 4259 832 4320 in
859 4273 959 4322 oornu
987 4253 1104 4318 mona's
1131 4253 1185 4319 vol
