2914 4850
2 387 161 452 afer-ius
184 381 404 473 polistralum,
425 388 530 456 idest
558 389 678 475 innam,
697 408 766 475 quo
784 390 954 457 infuderas
976 398 1197 464 extremitates
1309 350 1326 467 ,ἒ

9 495 80 559 eli
104 504 278 577 tenentur,
295 494 497 559 inmanibus
504 505 665 564 tenerentr
686 504 906 560 eoeeavautus
919 509 1063 583 repente
1071 503 1198 570 irruens
1321 563 1322 566 ,

9 629 16 658 ι
29 632 36 657 2
51 609 216 684 portuno
222 599 500 685 valnmbmplevit,
518 610 550 664 et
568 602 769 685 polistrelurn
781 600 985 668 ‹le-monibus
996 605 1198 674 Galiotorum

10 708 165 792 vulsit,
187 709 363 792 velumque
395 706 499 789 rapuit
520 715 554 768 et
574 707 683 790 ipsum
703 726 802 790 rupra
829 709 1142 776 malirsummltatam
1164 721 1198 776 et

10 834 121 898 upra
143 814 311 878 kebanin
326 811 425 875 altum
441 812 567 881 evexit:
587 819 619 874 et
631 813 677 876 ita
688 813 870 896 importune
883 815 919 878 in
938 820 1014 883 aine
1031 819 1198 902 volitabat,

21 921 109 984 uod
134 914 282 984 antenna
302 929 339 982 ut
359 935 455 982 arens
476 917 706 986 inclinabatur:
739 926 772 981 et
792 919 865 1000 ipsa
878 919 990 985 ,mous
1000 939 1146 1005 'prmus
1166 935 1200 988 a
1325 930 1328 939 .

19 1059 25 1083 .
41 1042 166 1110 agrius
178 1025 222 1090 ‘de
233 1025 343 1088 multis
356 1025 453 1115 lignis
472 1031 505 1086 et
516 1023 684 1087 arboribus
691 1023 789 1086 simul
800 1023 1038 1105 junotislao'tus
1051 1028 1199 1112 fragores

6 1162 28 1189 ι.
44 1151 165 1215 agnos
195 1131 324 1212 dabat,.
340 1131 430 1195 ausi
446 1129 516 1215 jam
544 1137 659 1212 ruptus
686 1129 858 1204 suisaetaet
879 1126 1000 1196 tractre
1026 1135 1063 1197 in
1083 1133 1197 1200 medio.
1315 1118 1321 1187 ι’

19 1259 53 1301 ιι
74 1254 157 1322 qno
190 1237 368 1303 nummum
402 1235 646 1316 expectabimus
658 1234 844 1319 paruulum
850 1281 862 1319 ,
884 1237 962 1320 quia
987 1239 1017 1301 si
1042 1241 1079 1304 in
1110 1249 1200 1304 tanta
1317 1234 1320 1247 '

1 1351 227 1426 tempestate
248 1342 372 1404 fraotur
393 1340 526 1422 fnisset,
558 1359 634 1402 mox
654 1340 790 1405 involuti
818 1343 911 1426 aquis
937 1343 1098 1408 submersi
1126 1363 1199 1408 eurr
1277 1403 1288 1424 ,

1 1449 135 1514 Galea
167 1449 356 1511 fuissemus.
404 1443 497 1508 Siout
530 1446 615 1508 enim
648 1447 722 1510 avis
741 1440 815 1509 non
847 1456 955 1531 potest
985 1449 1098 1512 volare
1129 1450 1201 1519 sire
1241 1522 1250 1542 ,

5 1555 145 1640 pennis
173 1562 207 1616 et
230 1553 302 1634 alis,
324 1551 374 1614 sie
393 1551 591 1633 gravissim
612 1553 709 1618 navis
723 1567 789 1616 non
810 1562 920 1637 potest
932 1553 1108 1637 procedere
1128 1555 1201 1618 siue

5 1660 128 1743 velis,
152 1678 239 1742 quae
264 1666 342 1720 sunt
373 1666 501 1741 pennae
522 1657 593 1740 ejus
622 1665 656 1720 et
683 1656 765 1719 alae
784 1664 791 1675 '
809 1656 887 1721 lfleo
918 1659 1047 1743 quando
1077 1660 1207 1724 Poetae

9 1767 205 1849 loquuntur
226 1763 268 1827 de
289 1765 382 1847 equis
405 1765 594 1848 alatis,mon
617 1760 704 1824 aliud
724 1760 1053 1846 volunt-ulsinum
1069 1766 1201 1830 ‘relatas

12 1869 177 1954 intdligi.
221 1869 315 1932 Siout
347 1871 491 1934 Perseus
521 1868 614 1930 venit
640 1866 682 1929 da
709 1864 850 1932 Graecia
867 1866 905 1932 in
926 1889 1010 1955 equo
1032 1870 1134 1954 alato,
1167 1879 1201 1933 et

15 1975 182 2038 liberavit
215 1973 456 2038 Andromedam
485 1973 530 2037 oe
569 1972 705 2055 seopnlo
736 1972 844 2055 Jappe
869 1982 933 2037 eto.
984 1974 1093 2040 Dabat
1121 1991 1200 2058 ergo

16 2079 138 2145 malus
158 2079 329 2144 horribiles
353 2070 472 2144 multos
492 2081 639 2162 fragores
660 2073 864 2140 etanbnnae
886 2078 1048 2164 similiter3
1078 2087 1112 2142 et
1132 2088 1200 2144 tota

23 2184 141 2250 Galea
171 2187 206 2248 in
238 2186 386 2254 omnibns
415 2183 578 2269 junoturis
605 2183 781 2247 «suebant
810 2181 955 2246 dissolvi.
998 2187 1036 2251 h
1056 2186 1146 2248 nulla
1165 2205 1202 2250 re

22 2291 139 2375 magis
159 2289 292 2353 territus
314 2279 409 2356 fulin
428 2290 686 2374 tempestatibus,
701 2305 798 2372 quan
817 2289 852 2355 iu
872 2289 1001 2371 magnis
1018 2291 1201 2375 fragoribus

26 2397 141 2480 navis,
162 2394 281 2478 quiite
301 2394 473 2476 importuni
495 2398 582 2478 aunt,
602 2392 689 2477 quod
709 2393 805 2456 bomo
829 2393 1063 2475 aestimatione
1083 2412 1201 2460 navem

29 2520 113 2566 esse
135 2501 169 2564 in
195 2498 304 2582 aliqua
331 2508 424 2581 parte
445 2508 599 2584 ruptum·
621 2498 696 2560 Neo
716 2504 825 2578 potest
851 2513 890 2558 aa
909 2497 1005 2560 bomo
1027 2499 1202 2564 -eontinara

31 2606 224 2672 a²olamore
260 2603 451 2690 emittendo,
484 2611 623 2689 propter·
636 2602 799 2667 rabbiturn
827 2599 1053 2664 abhorridum
1086 2621 1202 2669 sonum

34 2708 207 2795 fragorum.
239 2708 397 2772 Stetimus
418 2729 496 2793 ergo
518 2711 552 2773 in
573 2711 658 2772 tristi
678 2705 875 2791 speotaoulo,
897 2714 931 2769 at
949 2707 984 2768 in
1004 2704 1201 2769 lamentabili

34 2811 189 2902 perieubr.
230 2814 329 2879 Porro
345 2816 428 2880 velo
448 2819 498 2881 sio
518 2816 552 2880 in
573 2817 650 2878 abre
670 2813 813 2895 volante,
834 2811 1058 2875 discurrebant
1080 2809 1202 2876 uelint

39 2933 76 2986 et
97 2920 213 2985 caeteri
233 2921 395 2986 marinaril
425 2941 499 2986 oum
520 2931 623 2986 tanto.
641 2921 781 2984 elamore
801 2925 835 2981 et
855 2917 995 3000 rimato,
1024 2936 1065 2982 ao
1084 2918 1115 2981 si
1132 2916 1200 3000 Jam

40 3026 157 3112 gladiis
184 3035 296 3090 essent
321 3025 544 3111 eonlodiequi,
574 3035 608 3090 et
629 3045 687 3110 per
718 3023 871 3088 rudentes
902 3041 1002 3106 snper
1027 3032 1201 3086 antennam

41 3131 238 3197 scandebant
244 3157 255 3215 ‚²
288 3131 399 3196 velum
430 3128 638 3198 sonabantur·
651 3129 693 3194 ‹le
729 3129 859 3194 sublimi
888 3126 931 3192 ad
958 3145 1000 3192 ae
1028 3129 1228 3192 attrahere..

2 3236 340 3316 ‚eaeteriatnferius
372 3239 544 3303 ornabant
582 3236 724 3318 undique
762 3232 962 3318 polistrelnm
993 3250 1127 3315 erpere,
1168 3241 1202 3295 et

44 3343 218 3426 reaccipere
239 3343 452 3426 quaerebant:
485 3344 541 3408 alii
562 3341 716 3407 trochleis
737 3337 1011 3421 aptantesfones
1032 3344 1066 3398 et
1093 3336 1221 3418 spiras·

44 3446 323 3512 eiroumduoebant.
365 3447 534 3531 Peregrini
563 3438 643 3512 ‘vero
664 3454 697 3508 at
728 3443 783 3506 alii
815 3443 857 3506 ad
891 3443 953 3505 lros
979 3440 1147 3508 usuram
1168 3451 1202 3510 et

45 3553 163 3616 labores
179 3551 322 3614 mutilae
332 3549 439 3614 Duum
459 3553 609 3634 orabant,
630 3557 664 3613 et
684 3554 818 3615 sanctos
836 3546 1042 3610 invocabant
1087 3548 1199 3632 Aliqui
1227 3559 1237 3579 ·

49 3673 123 3721 suas
133 3655 354 3724 oonlessiones
371 3655 544 3738 faciebam,
562 3663 716 3737 tanquam
733 3650 845 3733 jamin
855 3651 1021 3733 prooinotn
1037 3653 1202 3718 eonstituti

52 3759 206 3823 artionlnm
242 3758 389 3821 ultimum
422 3760 535 3823 mortis
549 3764 784 3840 rexpeetantes.
832 3757 942 3839 Aliqui
957 3767 1054 3823 -.vota
1082 3777 1202 3842 magna

53 3861 443 3946 emittebantuarlllomam,
464 3864 507 3928 ad
527 3863 563 3927 S.
583 3863 753 3946 Jaoobum,
775 3871 808 3926 et
829 3862 871 3926 ad
885 3863 1019 3929 Beatam
1034 3865 1201 3947 uirginem

54 3967 123 4032 hino
146 3964 217 4032 inde
241 3983 280 4032 se
311 3967 414 4033 ituros
446 3970 689 4054 promittebant,
719 3975 756 4031 nt
781 3969 866 4032 hono
893 3978 1028 4033 mertem
1060 3969 1202 4033 evadere

55 4084 180 4152 possent.
200 4071 276 4135 Non
298 4073 383 4138 enim
403 4074 466 4138 nisi
486 4094 574 4140 mors
595 4075 957 4161 praesens-timebatur.
975 4072 1144 4156 ‹Cogitavi
1158 4072 1225 4135 ad.

58 4175 211 4256 parabolae
234 4177 434 4243 Aunobarsis
463 4179 670 4265 Philosophi,
702 4182 760 4264 qni
794 4181 989 4261 nauigantes
1016 4195 1078 4238 neo
1113 4174 1201 4238 vivis

60 4295 111 4346 uto
129 4281 251 4345 mortuis
277 4285 556 4350 oenuumeranrlos
577 4303 653 4350 esse
682 4283 772 4348 utare
814 4285 1030 4361 iusuper-eos
1051 4296 1116 4338 non
1138 4279 1200 4338 nisi
