2716 4798
140 349 523 430 mingeiepossemos.
544 340 630 404 Nam
646 349 752 404 terrae
763 347 898 404 sanotae
906 343 1069 423 peregrini
1087 342 1211 406 solent
1231 360 1330 406 seem

143 453 185 516 ad
207 453 279 516 loeo
298 457 414 512 saneta
436 446 564 510 deferre
584 444 722 508 annulos
742 460 872 528 aureos,
895 445 951 507 vel
973 457 1155 528 argenteos
1185 447 1329 512 dilector

141 565 174 620 et
194 573 297 640 grane
313 551 454 637 lapidum
469 552 683 635 pretiosorum
704 570 761 633 pro
788 553 1016 633 patemostris,
1038 551 1077 634 u)
1105 554 1328 636 patriloquiis¹

139 661 194 725 vel
211 661 284 742 ipsa
304 666 523 742 psternostra,
544 673 661 723 erueea
688 673 808 738 parvas
837 654 882 716 de
928 665 1061 739 argento
1089 657 1149 722 vel
1187 672 1328 738 norma

142 782 291 850 quaeque
329 763 430 826 elrara
464 760 652 845 portabilia,
678 751 775 844 'quae
806 759 862 824 vel
897 759 938 822 da
967 761 1161 842 parentibus
1199 765 1280 826 suis
1307 775 1328 824 et

141 869 258 932 amieis
291 867 474 950 ascipiunt,
501 866 557 928 vel
593 864 744 928 Venetiis
773 875 829 929 aut
857 865 893 928 in
921 869 1154 932 transmarinis
1184 870 1326 951 partibor

140 993 198 1060 pro
220 975 283 1039 sibi
302 973 412 1038 charis
433 979 556 1054 emunt,
576 969 758 1054 siquando
780 969 823 1059 ael
843 968 974 1054 aliquas
996 971 1157 1054 reliquias
1183 975 1325 1037 veniunt.

140 1079 195 1144 vel
218 1079 260 1141 ad
278 1079 418 1163 aliquem
438 1077 545 1151 locoru
565 1083 724 1160 sanetum,
745 1072 901 1138 tune‘illa
922 1075 1070 1144 eleuerlia
1096 1078 1138 1142 ad
1171 1079 1324 1162 reliquias

142 1185 307 1269 applicent
326 1185 381 1248 vel
404 1182 445 1246 ad
474 1183 580 1246 loen'm
602 1188 750 1244 suetum
765 1189 798 1243 et
820 1196 861 1243 ea
873 1183 1078 1267 contingunt,
1100 1191 1136 1246 ut
1163 1184 1323 1267 quaudarr

140 1293 344 1356 sanetitatern
376 1281 611 1372 quodammodo
641 1301 685 1349 ex
715 1294 866 1348 contactu
901 1289 1083 1381 aepipian13
1113 1297 1148 1350 et
1178 1293 1233 1352 ita
1266 1290 1321 1350 suis

142 1397 250 1460 eharis
269 1395 416 1460 ehariora
438 1403 471 1456 et
490 1391 671 1476 pretiosora
690 1388 878 1456 reddantur.
899 1391 971 1475 Ego
993 1395 1079 1456 enim
1099 1392 1148 1455 lui
1161 1395 1320 1474 minimos,

140 1509 175 1564 et
200 1501 372 1586 pauperior
395 1501 429 1562 in
456 1505 568 1562 nostra
600 1493 777 1578 societate,
795 1499 839 1556 'et
879 1502 988 1560 tamen
1037 1497 1139 1561 multa
1176 1501 1318 1580 preciosa

140 1605 287 1670 elenorlie
307 1606 415 1687 habui,
436 1600 619 1690 quae-mitri
643 1598 762 1662 collata
783 1597 912 1663 inerant
930 1603 971 1664 ab
992 1603 1105 1666 amieis
1128 1612 1163 1664 et
1188 1604 1317 1667 fautori-

139 1711 201 1774 bus
224 1721 258 1773 et
278 1711 468 1776 lautriolbus
488 1707 580 1784 meis,
595 1705 822 1790 art-reliquiae,
842 1703 884 1767 sd
918 1724 999 1788 quas
1024 1707 1175 1772 venirem
1201 1717 1236 1770 et
1258 1709 1316 1772 loen

139 1823 254 1879 saneta
276 1834 348 1878 cnm
370 1815 419 1876 ets
451 1811 687 1892 pertingerem,
721 1819 755 1872 et
789 1812 838 1873 eis
861 1828 921 1892 pro
953 1828 1085 1874 monere
1111 1823 1314 1894 reportarem.

139 1921 227 1982 luter
243 1920 306 1981 alia
325 1917 588 2002 magnificemur,
609 1915 768 1978 Dominus
791 1915 960 1979 Johannes
972 1917 1146 1999 Eehinger‚
1165 1938 1232 2000 pro
1250 1927 1314 1980 tone

141 2023 441 2105 Magister-nivium
453 2021 628 2103 Ulmensis,
651 2019 784 2086 eontulit
804 2008 887 2083 inihi
910 2021 1063 2084 annulum
1083 2037 1181 2084 surm
1196 2023 1314 2084 elisiis·

140 2128 268 2208 simum,
285 2147 386 2209 quem
407 2128 505 2188 Pater
534 2143 614 2188 suus
635 2125 780 2188 Jaoebus
800 2125 964 2208 lichinger
983 2127 1018 2190 in
1037 2126 1197 2190 extremis
1221 2144 1313 2210 agens

140 2231 182 2294 de
202 2229 320 2313 polliee
341 2231 458 2314 traxit,
489 2238 521 2293 et
550 2231 617 2294 lilio
645 2229 786 2313 transit,
816 2233 903 2298 sieut
939 2238 973 2294 et
1001 2230 1073 2314 ipse
1100 2249 1122 2292 a
1143 2247 1209 2294 suo
1231 2240 1312 2315 patre

140 2344 330 2418 acceperat:
353 2335 450 2402 eredo
467 2335 553 2419 quod
575 2335 704 2398 charior
729 2337 792 2400 sibi
814 2335 921 2418 llrsrit,
949 2355 1045 2420 qnam
1066 2334 1104 2398 C.
1134 2331 1259 2420 ducati,
1286 2343 1312 2398 n

139 2461 226 2506 nune
245 2443 373 2507 charior
393 2462 490 2525 quam
507 2436 586 2510 CO.
619 2442 677 2504 Sie
698 2459 777 2524 erge
799 2450 874 2523 pest
895 2441 1005 2524 populi
1017 2457 1185 2504 recessum
1204 2459 1312 2504 acees-

140 2549 253 2632 simus,
274 2558 307 2611 et
328 2548 423 2613 modo
446 2548 534 2628 dietq
555 2548 709 2630 reliquias
730 2547 1170 2637 sanctorum‘Apostotorum
1188 2548 1311 2610 eontin-

139 2655 256 2736 ginon
278 2653 352 2716 Hoc
374 2661 480 2715 autern
502 2652 562 2713 fuit
574 2635 725 2715 Ollieiutn
736 2671 842 2716 meum
855 2651 939 2734 (B),
960 2652 1046 2735 quotl
1064 2653 1153 2716 eirea
1163 2649 1310 2736 reliquias

140 2759 196 2821 vel
206 2758 279 2820 looa
288 2765 402 2819 saneta
409 2756 521 2837 accepi
532 2755 673 2820 omnium
682 2759 924 2839 peregrinorum
937 2757 1309 2834 saecularinmolenedia,

142 2869 175 2922 et
196 2875 295 2924 mann
325 2877 398 2924 mea
430 2858 560 2924 adhibui
590 2860 632 2924 ad
665 2870 850 2934 contactum
879 2870 914 2926 et
945 2864 992 2924 ita
1020 2861 1155 2944 singula
1176 2864 1309 2948 singulis

142 2962 277 3027 reddidi.
319 2961 436 3026 Plures
455 2973 563 3035 autem
586 2945 711 3036 nobiles
732 2953 862 3051 sem'per
881 2985 985 3050 penes
1004 2983 1056 3033 me
1068 2965 1308 3051 dereliquerant.

141 3068 185 3132 lllt
204 3069 250 3131 ita
271 3067 406 3132 terimus
422 3089 481 3152 per
501 3071 609 3135 amnia
629 3071 703 3134 loca
722 3079 838 3134 saneta
860 3081 894 3135 et
914 3071 1070 3155 reliquias
1093 3074 1197 3155 ¹totius
1218 3093 1307 3157 pere·

140 3173 341 3256 griuationis,
360 3175 552 3256 insipientes
571 3176 606 3239 iu
627 3176 813 3241 Tridentino
833 3195 854 3240 a
877 3197 978 3260 puero
995 3173 1159 3260 symone.
1197 3177 1307 3262 ltaque

141 3278 214 3344 istls
234 3281 375 3363 peraetis
395 3280 428 3342 iu
449 3281 622 3364 hospitium
643 3282 871 3362 navigavimus
886 3282 940 3351 ad·
956 3281 1134 3364 prandium.
1167 3262 1174 3274 ’

224 3384 375 3450 Secunda
404 3386 457 3453 die
487 3388 568 3452 Maii
587 3386 807 3451 irensiviruu's
841 3403 936 3449 marre
967 3385 1008 3448 ad
1030 3385 1065 3448 S.
1093 3386 1256 3470 Marcum,
1277 3397 1306 3450 et

142 3485 186 3546 ibi
197 3487 310 3552 Missis
328 3491 534 3559 metuimus
558 3494 592 3556 in
616 3488 757 3555 ecelesia
776 3508 895 3572 magua
916 3489 952 3554 S.
963 3490 1078 3554 Marci.
1097 3489 1149 3554 Do
1171 3492 1305 3556 ecelesia

142 3597 251 3652 autern
275 3591 389 3657 Missis
407 3595 509 3662 fluitis
531 3597 685 3683 palatium
697 3594 799 3658 Duois
809 3595 1009 3692 Venetorum
1028 3596 1169 3680 ingressi
1187 3615 1304 3680 sumus,

144 3715 376 3735 ’.Ἦ-ι

159 3805 190 3874 *)
210 3806 297 3881 signa
314 3826 481 3882 granorum,
501 3815 608 3887 quibus
625 3813 725 3870 fideles
750 3828 906 3870 numeram
923 3811 1091 3870 orationum
1115 3831 1230 3873 suanno
1252 3835 1299 3871 nu-

210 3905 341 3962 merant,
376 3915 451 3972 quae
475 3899 615 3958 rlleuntur
649 3899 814 3970 vulgariter
843 3909 1028 3974 paternoster
1050 3899 1142 3958 latios
1171 3900 1298 3958 dicuntur

210 3978 406 4054 petriloquia‚
426 3994 531 4038 neutro
550 4001 671 4058 genere,
689 3981 747 4040 lroe
764 3985 976 4058 patriloquium
985 4003 995 4053 3
1014 3985 1056 4041 sie
1073 3987 1151 4044 enim
1180 3989 1297 4044 nominat

209 4065 289 4138 signe
307 4065 358 4121 illa
374 4069 549 4124 venerabilis
577 4069 711 4126 donnaus
729 4069 874 4126 lohannes
893 4070 930 4124 de
952 4072 1120 4144 Lemslraym
1147 4074 1296 4130 Canonium

209 4149 360 4225 Regularis
378 4150 409 4206 in
427 4151 598 4223 Hirsgarten
615 4171 711 4224 prope
734 4155 944 4220 wormatiam,
963 4156 994 4208 in
1011 4157 1114 4212 libello
1134 4158 1170 4212 de
1192 4161 1294 4216 Frater·

210 4237 300 4294 nitate
316 4236 431 4294 Rosarii
449 4237 483 4290 B.
500 4236 612 4290 Mariae
631 4236 764 4308 virginis,
783 4251 871 4308 quero
889 4237 992 4306 edidit,
1014 4243 1085 4313 Gap.
1105 4252 1132 4302 s.
