2780 4776
599 199 660 268 tet

47 385 196 450 lenientis
236 383 420 448 declinante
457 378 633 448 auriculam
663 379 736 463 ejus
767 381 917 468 abscidit,
972 379 1117 467 Moxque
1148 403 1221 458 eum

45 491 207 555 Dominus
220 487 439 574 reprehendit,
457 484 567 570 gladio
587 502 735 568 pugnare
758 488 936 571 prohibuit,
959 495 992 549 et
1013 487 1137 553 laesum
1159 489 1222 558 sibi

46 593 223 660 adductum
256 611 366 657 coram
400 591 548 656 omnibns
586 591 723 653 sanavit.
777 593 875 656 Hunc
905 591 1013 657 locum
1043 593 1221 658 deoseulati

45 716 173 782 sumus,
194 706 228 762 et
248 695 473 780 indulgentias
493 694 678 778 acecpimus
694 695 768 777 '(†).

155 964 216 1083 De
240 985 391 1090 praedio
417 983 662 1088 Gethsemini,
689 985 726 1062 in
752 984 849 1084 qnod
873 983 974 1062 venit
995 983 1121 1062 Jcsue.

128 1168 257 1233 Deinde
278 1170 381 1254 magis
403 1175 516 1234 contra
535 1174 711 1231 torrentem
733 1165 978 1248 descendimus,
1006 1177 1038 1231 et
1058 1169 1092 1232 in
1114 1166 1220 1230 locum

47 1273 256 1340 Gethsamini
283 1272 449 1356 venium,
486 1273 521 1332 in
542 1289 606 1354 quo
635 1280 823 1336 manserunt
854 1280 929 1335 octo
964 1271 1113 1357 discipuli
1144 1271 1223 1335 dor-

47 1382 206 1462 mientes,
236 1373 431 1461 procedente
451 1377 590 1438 Domino
618 1393 693 1440 cum
725 1378 827 1451 tribus
853 1377 896 1440 ad
921 1375 1028 1440 locum
1056 1377 1222 1445 orationis.

45 1487 84 1548 hr
107 1482 265 1547 hocloco
287 1482 448 1545 orationes
469 1483 687 1564 praescriptas
713 1480 864 1565 diximus,
886 1491 921 1546 et
940 1491 1060 1548 terrem
1081 1481 1223 1545 deoscu-

45 1588 155 1651 lantes
174 1585 391 1672 indulgentias
413 1588 594 1668 recepimus
612 1585 683 1668 (l).
715 1587 753 1648 In
771 1585 834 1650 hoc
852 1587 924 1652 loco
938 1596 1080 1670 tempore
1098 1584 1222 1648 Christi

45 1702 117 1758 eret
138 1691 304 1777 praedium
335 1689 493 1772 quoddam
516 1698 548 1752 et
575 1689 688 1753 villula
718 1691 927 1776 hevilamm,
956 1692 991 1757 in
1020 1711 1083 1777 quo
1104 1709 1223 1776 pecora

46 1796 245 1862 immolanda
274 1797 309 1859 in
344 1794 462 1878 templo
494 1795 716 1857 servabantur.
765 1796 845 1860 Post
873 1793 996 1861 Christi
1028 1797 1223 1879 triumphum

45 1899 400 1988 superaedificaverant
421 1898 598 1962 Christiani
619 1899 790 1962 ecclesiam
812 1919 980 1984 magnam,
1002 1911 1035 1964 et
1056 1909 1224 1964 monaste-

47 2011 133 2073 rium
155 2005 382 2070 monachornm
403 2003 583 2065 multorum.
627 1999 719 2078 Quae
740 2006 847 2068 omnin
864 2006 931 2089 jam
954 2003 1093 2070 suntad
1117 2004 1223 2066 solum

48 2113 210 2202 deducta,
231 2108 382 2190 videntur
409 2115 517 2172 tamen
535 2105 641 2169 adhuc
660 2106 705 2170 ihi
725 2127 887 2174 murorum
908 2111 1007 2176 exilia
1027 2109 1177 2193 uestigia.

120 2401 181 2480 De
205 2339 310 2507 petre
334 2389 492 2502 uestigia
516 2398 662 2475 Donrini
686 2397 781 2476 Jesu
805 2401 974 2503 pavendis
999 2401 1165 2478 habente.

135 2609 229 2670 llaec
250 2615 387 2692 quatuor
407 2569 486 2670 locd
495 2603 562 2687 iam
585 2605 785 2688 praescripto
806 2607 937 2670 suntin
959 2624 1024 2671 una
1044 2605 1137 2671 brevi
1159 2607 1225 2669 cir-

49 2711 264 2776 cumferentia
283 2713 400 2795 posita,
422 2709 484 2773 sihi
502 2709 691 2793 propinqua,
716 2711 751 2770 in
773 2710 886 2783 eodem
907 2711 1065 2780 districto.
1106 2713 1225 2794 Inque

50 2817 201 2883 districto
223 2815 311 2880 ducti
332 2806 452 2878 inimus
471 2813 512 2876 ad
535 2831 645 2898 rupem
667 2814 829 2897 quandem
851 2817 962 2901 latam,
976 2826 1226 2901 consurgentem

50 2921 93 2985 de
123 2929 227 3002 terra,
260 2926 295 2981 et
323 2903 402 2981 iacit
433 2919 526 3002 qnasi
547 2921 703 3001 parietem
723 2919 832 3006 latum,
855 2921 929 3004 (Β)
952 2932 985 2986 et
1005 2903 1070 2986 non
1092 2924 1227 2986 multum

49 3029 166 3108 altum,
181 3039 257 3086 nec
279 3023 410 3086 omnino
437 3030 582 3086 erectum
611 3022 670 3086 sed
695 3023 903 3088 declinatum.
932 3025 1002 3090 Sub
1024 3029 1096 3112 ipso
1117 3037 1225 3094 autem

50 3135 144 3217 rupis
170 3115 294 3214 pariete
315 3134 367 3192 est
396 3126 555 3212 quaedam
576 3129 746 3212 planities,
774 3132 808 3195 in
828 3131 891 3196 hac
908 3131 1044 3215 planitie
1064 3133 1225 3197 Dominus

48 3239 155 3301 Jesue
177 3237 291 3321 stabnt,
302 3227 431 3320 qnando
443 3234 563 3299 Judaei
576 3253 650 3299 enm
671 3235 914 3319 apprehendere
932 3245 1093 3320 etcepere
1109 3254 1228 3301 accur·

50 3343 186 3426 rebant,
215 3358 278 3404 nce
307 3351 435 3424 poteret
455 3340 604 3424 nudique
624 3343 726 3404 turbis
755 3339 968 3425 circumdari,
989 3331 1106 3425 quiaa'
1135 3348 1227 3423 parte

49 3445 203 3512 orientali
227 3447 336 3508 stabat
366 3446 474 3528 paries
500 3446 598 3527 rupis.
643 3443 791 3527 Cumque
816 3447 881 3508 iam
910 3447 1068 3530 impeturn
1098 3446 1132 3506 in
1152 3461 1226 3506 eum

51 3553 199 3616 iacerent
225 3556 259 3612 et
285 3549 408 3613 irruere
428 3557 631 3631 conarentur,
650 3550 794 3633 expavit,
812 3559 845 3614 et
858 3559 971 3614 contra
987 3557 1100 3633 petrae
1117 3530 1233 3632 parie-=

51 3667 119 3722 tem
147 3671 187 3717 se
211 3662 346 3746 perteus
373 3655 606 3738 impetuositati
632 3653 750 3716 cedere
779 3653 896 3717 volens
917 3655 1063 3718 extensis
1087 3653 1227 3717 brachile

50 3763 87 3825 in
107 3761 213 3843 ipsum
233 3773 370 3822 samam
397 3756 555 3842 parietem
575 3755 706 3840 incidit,
727 3775 792 3822 non
813 3758 942 3843 quidem
963 3768 1000 3824 ut
1017 3759 1116 3843 fugae
1130 3777 1227 3842 prac-

52 3865 172 3930 sidium
184 3870 365 3948 quaereret,
386 3861 447 3926 sed
458 3869 495 3936 nt
513 3861 745 3944 importatinoti
765 3873 798 3927 et
817 3864 992 3928 violentiae
1007 3864 1111 3928 locum
1127 3863 1227 3927 daret.

53 3970 104 4033 Eo
127 3977 233 4032 autem
255 3967 305 4030 sic
323 3966 441 4050 parieti
453 3964 598 4029 'illidenti
619 3967 728 4030 cessit
742 3970 917 4037 sacerrimo
938 3970 1064 4054 corpori
1081 3969 1153 4051 ipsa
1166 3986 1228 4051 pe-

54 4083 123 4157 tra,
146 4074 273 4138 mollem
291 4089 331 4136 se
351 4073 521 4158 praebens,
542 4088 583 4134 ac
603 4072 633 4134 si
653 4074 762 4156 paries
783 4071 825 4136 de
844 4074 977 4138 flexibili
1002 4093 1078 4138 cera
1101 4073 1228 4153 fuisset,

58 4187 92 4242 et
119 4181 154 4241 in
175 4197 213 4242 se
243 4180 365 4264 recepit
384 4176 555 4242 incidentis
578 4177 910 4260 liguram-secundnm
932 4179 1128 4242 lineamenta
1150 4191 1228 4238 cor-

57 4282 164 4368 poris,
194 4301 234 4348 eo
260 4283 371 4370 modo,
397 4301 461 4368 qno
486 4290 598 4367 petrae
625 4281 730 4346 illisus
756 4283 825 4348 fuit.
878 4285 921 4348 Et
950 4282 1006 4348 illa
1034 4281 1229 4344 lineamento
