2596 4788
654 153 759 278 md·

108 343 298 412 recedentes
330 339 362 402 in
395 355 522 402 errores
563 341 727 424 pessimos
759 335 949 400 ceciderunt
984 351 1104 420 usque
1153 339 1193 401 iu
1228 341 1285 400 blm

106 450 267 537 phemiam
289 443 424 526 spiritus
445 443 561 520 sarroti,
587 453 620 506 et
654 453 767 508 contra
793 449 1083 506 sacramentorum
1118 443 1251 528 ritum,
1271 474 1283 504 r

106 561 221 620 eontra
245 549 406 614 ecclesiae
427 565 579 612 romanae
598 556 800 630 potestatem.
823 547 1040 633 Aliquotiens
1063 555 1192 610 autem
1215 553 1283 610 ratic-

106 660 201 724 nibus
223 653 365 720 convicti
386 655 428 718 ad
450 653 610 723 ecelesiae
630 653 786 734 gremium
802 652 976 736 redierunt,
993 651 1060 714 sed
1082 652 1163 714 XII
1184 655 1282 715 vicim-

105 761 225 846 relapsi
245 759 493 824 uuuoobstiuati
513 774 586 822 cum
608 757 723 820 'luteis
744 767 776 819 et
788 756 981 822 Sarraoeuis
991 757 1142 839 vivunt,
1168 767 1203 819 et
1215 759 1282 818 Lati

107 888 185 951 nos,
219 871 248 933 si
281 885 345 951 quo
371 865 466 928 modo
493 872 648 947 possunt,
680 865 752 926 siue
780 862 1007 924 misericordia
1038 873 1277 944 persequrmtu

108 973 284 1059 Nunquam
305 971 402 1034 'l'urei
423 979 457 1032 et
477 967 647 1031 sarraceni
668 975 793 1030 tantum
816 969 1020 1049 crevissent,
1053 967 1088 1028 si
1111 967 1170 1029 illi
1193 967 1280 1029 Graec

106 1080 288 1163 proditores
310 1095 375 1140 nou
395 1075 542 1138 luissent.
584 1069 769 1134 Orientales
790 1073 845 1136 alii
867 1073 1049 1136 Christiani
1087 1070 1220 1134 dudum
1248 1091 1279 1132 rr·

108 1183 196 1250 ducti
217 1182 259 1246 ad
280 1181 441 1246 ecclesiae
461 1179 616 1241 unitatem
638 1177 789 1253 luissent,
811 1186 844 1239 et
880 1175 978 1240 hodic
1009 1175 1139 1240 reduci
1171 1193 1279 1260 passer:

108 1289 256 1370 faciliter,
280 1289 308 1348 st
323 1283 442 1351 Graeci
462 1281 553 1346 inlidi
576 1289 609 1344 et
629 1281 760 1363 superbi
780 1301 845 1345 uon
867 1284 1090 1365 obsisterent,
1121 1292 1161 1344 et
1184 1281 1278 1344 redur-

109 1403 160 1458 tos
182 1392 386 1460 seducerent.
428 1389 492 1452 llis
512 1396 622 1450 tamen
644 1385 738 1448 malis
770 1405 835 1449 nou
870 1387 1088 1449 obstantibus
1121 1388 1277 1450 eoelesinr

106 1498 194 1562 illam
217 1497 455 1559 sanctissimam
475 1491 638 1575 sepulchri
660 1490 809 1556 dominici
829 1491 954 1574 ingredi
983 1501 1232 1574 praesumunt,
1257 1507 1277 1551 et

107 1603 164 1686 qui
192 1601 334 1664 malitiae
372 1607 470 1681 caput
490 1605 586 1678 suut,
608 1603 709 1679 caput
743 1597 904 1660 ecclesiae
935 1596 1066 1679 injuste
1103 1600 1175 1661 sibi
1202 1616 1276 1658 usur·

107 1712 247 1790 parunt,
290 1711 324 1765 et
353 1703 484 1766 chorum
514 1721 587 1765 cum
620 1700 713 1764 altari
745 1719 870 1765 summo
903 1701 1082 1784 possident
1117 1703 1273 1784 hodie,rt

107 1809 227 1874 multas
248 1807 415 1892 lampades
441 1815 518 1870 ante
538 1805 639 1870 altare
660 1825 801 1869 aceusas
832 1815 976 1869 servant.
1028 1807 1179 1870 Habent
1201 1811 1271 1870 etim

108 1929 272 1978 carcerem
296 1913 436 1998 Domini,
458 1913 500 1976 de
520 1931 584 1996 quo
606 1911 738 1974 dixifol.
752 1913 814 1976 112
842 1912 891 1994 A,
911 1913 1021 1994 inquo
1043 1932 1157 1976 unum
1177 1914 1270 1976 haber:

109 2021 211 2082 altare
233 2037 306 2083 cum
326 2037 391 2082 una
412 2015 560 2101 lampade
583 2016 726 2080 ardente.
758 2020 795 2080 lu
816 2026 923 2080 monte
945 2015 1131 2081 calvariae
1145 2018 1209 2081 duo
1226 2019 1268 2080 la·

109 2127 187 2186 bent
208 2124 332 2206 altaria,
355 2125 430 2208 quia
452 2121 615 2204 Georgica,
637 2123 693 2204 qui
713 2123 818 2205 ipsum
840 2131 978 2184 montem
1003 2123 1194 2206 possident,
1212 2139 1267 2184 sart

109 2227 150 2291 de
171 2237 261 2291 secta
281 2247 400 2292 eorum.
424 2230 462 2290 ln
484 2226 608 2309 capella
627 2226 662 2288 S.
685 2228 832 2290 Helenae
851 2229 912 2290 sub
932 2235 1022 2290 terra
1042 2229 1172 2291 habeut
1192 2245 1266 2291 uun

109 2333 273 2396 ardentem
295 2333 483 2417 lampadem.
526 2333 648 2396 lrocum
670 2333 768 2418 etiam
791 2331 960 2396 divisionis
990 2333 1139 2396 vestium
1168 2333 1266 2397 Clnirti

109 2439 239 2522 habent,
261 2449 292 2504 et
315 2441 348 2502 iu
371 2457 410 2502 eo
438 2440 540 2501 altare
581 2447 613 2500 et
641 2455 737 2500 uuam
769 2436 959 2521 lampadem.
1008 2439 1052 2500 Et
1088 2447 1210 2502 tantun
1237 2438 1267 2500 dr

109 2543 183 2605 illis.

186 2857 373 2958 Georgici,
398 2857 527 2959 quales
552 2855 753 2937 Christiani
780 2856 864 2953 sint,
885 2869 924 2936 et
944 2883 1038 2960 quac
1061 2863 1146 2939 loca
1167 2863 1261 2937 habe

347 2989 409 3054 ant
432 2980 469 3055 in
492 2979 653 3056 ecclesia
676 2977 794 3056 sancti
815 2983 1042 3086 monumenti.

195 3174 361 3265 Georgici,
382 3182 438 3266 qui
458 3191 492 3244 et
512 3182 656 3247 Nubiani
679 3181 838 3268 dicuntur,
861 3195 893 3248 et
915 3183 1090 3251 christiani
1121 3187 1163 3251 de
1182 3189 1256 3251 cino·

111 3299 184 3354 tura
204 3299 239 3354 ut
259 3290 293 3353 in
314 3287 484 3374 plurimum
506 3299 673 3374 vocantur,
695 3299 770 3353 sunt
790 3289 831 3352 de
863 3293 993 3352 remotis
1013 3290 1109 3354 valde
1127 3295 1255 3375 partibus

112 3405 236 3458 eterra
258 3403 382 3477 sancta,
403 3394 466 3457 viri
486 3392 642 3476 bellicosi,
665 3396 720 3478 qui
742 3397 837 3458 etiam
860 3394 1011 3458 mulieres
1033 3395 1074 3457 ad
1093 3395 1251 3460 bellandum

111 3497 282 3560 instruunt.
335 3499 381 3562 lli
408 3497 583 3562 Christiani
603 3509 689 3582 sunt,
710 3499 770 3563 sed
784 3519 842 3583 per
862 3503 970 3563 omnia
990 3501 1144 3564 erroribus
1154 3503 1253 3586 depra-

111 3601 189 3681 vati,
211 3603 295 3663 sicut
324 3599 454 3667 Graeci.
477 3603 652 3668 Possident
673 3613 782 3668 autem
803 3605 835 3668 iu
858 3604 1092 3687 templosauoti
1111 3609 1248 3691 sepulchri

111 3712 250 3766 montem
272 3703 464 3794 calvariae,
484 3716 519 3772 et
544 3727 673 3794 semper
703 3707 798 3794 juxta
829 3727 939 3794 rupem
972 3719 1110 3773 sanctam
1135 3713 1246 3794 habeut,

112 3806 279 3872 custodem
298 3809 342 3875 ibi
365 3812 533 3877 inclusum.
577 3815 676 3880 Hunc
696 3813 802 3880 locum
822 3824 969 3879 sanctum
989 3833 1054 3878 neu
1074 3815 1122 3880 diu
1138 3817 1245 3881 habue-

112 3921 195 3998 runt,
215 3914 274 3978 sed
289 3923 409 3980 tantam
431 3919 472 3982 ab
495 3921 589 3983 antris
610 3919 685 3987 XV.
708 3919 902 3986 obtuleruut
925 3921 1009 3984 euim
1031 3921 1096 4004 regi
1113 3920 1242 4006 Aegypti,

111 4015 264 4104 Soldano,
286 4037 419 4083 munera
431 4067 440 4103 ,
464 4025 520 4106 qui
541 4024 617 4088 inde
639 4025 736 4108 ejecit
746 4025 909 4090 Armenos
930 4034 961 4088 et
976 4019 1119 4109 (lm)
1136 4027 1240 4090 induxit

112 4120 302 4205 Georgicos.
324 4123 455 4185 Habent
476 4129 572 4190 etiam
596 4125 702 4191 locum
725 4137 759 4192 et
772 4147 906 4215 specum
927 4131 1112 4195 inventionis
1128 4141 1237 4194 sauctae

113 4225 240 4301 crucis,
271 4232 304 4282 et
338 4229 406 4282 tres
437 4224 471 4283 iu
501 4245 541 4286 eo
564 4229 741 4313 lampades,
764 4251 845 4316 quas
867 4244 975 4298 tamen
992 4235 1233 4328 rera'acceuduut.
