2608 4842
521 174 527 183 '
549 155 612 237 28⁹.

7 399 130 494 loco,
163 401 212 477 in
248 425 329 504 quo
352 402 519 508 apparuit
544 403 725 479 Dominus
753 403 894 483 Mariae
914 405 1160 506 Magdnlenae

375 523 552 601 informa
580 524 771 602 hortulani.

7 707 112 772 Post
136 705 316 790 cupellas
335 705 422 772 illins
438 709 658 772 visitationem
681 706 844 770 exivimus
862 723 936 772 cnm
951 705 1162 792 processione

7 815 222 896 molestam,
252 811 495 877 descendentes
517 831 576 896 per
597 819 735 896 quatuor
755 811 885 898 gradus,
911 823 944 877 et
964 813 1075 877 stetim
1096 811 1157 876 snb

7 917 106 982 libus
132 919 178 982 in
206 918 327 982 locum
348 920 498 982 venimus
505 965 515 1000 ,
537 917 592 981 ubi
618 918 653 982 in
675 918 861 1000 pavimento
887 928 980 984 erant
1001 918 1064 983 duo
1091 917 1159 982 cir·

7 1073 10 1096 ‚
34 1023 214 1108 quinque
236 1023 397 1108 passibus
417 1024 457 1087 ab
476 1023 616 1086 invicem
638 1021 809 1107 distantes,
830 1021 871 1087 de
891 1025 991 1108 polito
1013 1033 1047 1087 et
1067 1023 1160 1087 vario

7 1147 114 1192 more
141 1131 304 1193 formati.
343 1129 388 1192 [ct
416 1129 478 1192 bos
505 1127 646 1191 circulos
677 1128 966 1211 circumstetimus,
991 1136 1169 1192 oantsntos·

34 1253 137 1318 quae
163 1244 277 1298 erant
302 1231 345 1298 ud
364 1235 584 1318 propositum,
617 1235 703 1296 siem
733 1233 977 1314 processionale
1007 1221 1158 1298 continet.
1184 1243 1190 1254 ·

34 1340 180 1404 dicitur
205 1358 295 1404 esso
315 1339 417 1422 locus,
439 1342 473 1402 in
495 1355 559 1422 quo
574 1335 735 1401 Dominus
748 1338 851 1402 lesus
874 1341 1021 1424 apparunt
1034 1339 1161 1402 Mariae

7 1444 194 1530 gdulemue
226 1447 268 1508 in
289 1445 391 1508 loma
411 1443 569 1508 lrortnlani
580 1487 591 1526 ,
613 1451 646 1506 et
669 1445 706 1504 ln
725 1441 796 1506 loco
818 1444 914 1508 nnius
935 1443 1049 1508 circuli
1069 1445 1161 1505 stetit

7 1553 142 1634 minus,
178 1560 217 1614 et
243 1553 350 1614 Maria
371 1551 404 1614 in
433 1550 506 1613 lucc
535 1548 680 1617 alterius.
723 1547 788 1611 Hic
817 1545 923 1612 Maris
955 1548 1092 1632 procidit
1118 1545 1160 1610 ed

7 1653 79 1740 les,
104 1673 178 1720 mec
201 1673 332 1740 passus
350 1656 411 1718 luit
434 1672 473 1719 se
492 1655 599 1736 tangi,
631 1656 708 1735 quie
728 1652 871 1716 nondum
903 1653 1095 1718 ascenderat
1118 1649 1160 1716 ad

7 1779 107 1844 xrem,
157 1769 202 1824 ut
233 1763 377 1826 habetur
396 1760 558 1824 Jobasnis
579 1755 654 1822 XX.
677 1753 805 1828 diffuso.

46 1865 125 1931 Res
146 1867 211 1931 hic
235 1875 331 1950 gesta
351 1883 501 1948 magnam
520 1867 692 1948 peregrino
714 1867 831 1946 poterit
854 1859 932 1928 dare
954 1863 1159 1930 devotionem

14 1970 156 2036 Mariae
181 1971 346 2055 exemplo.
389 1968 476 2033 Dum
500 1971 585 2034 enim
614 1972 648 2030 in
681 1968 854 2050 sepulchro
885 1988 950 2030 non
979 1971 1162 2034 invenisset

7 2095 65 2138 ‚em
88 2079 287 2160 quaesivit,
307 2093 367 2162 per
387 2091 501 2138 omnes
532 2071 671 2154 arignlos
703 2071 787 2135 borti
814 2075 956 2136 cucurrit
986 2076 1160 2156 emigrans,

7 2199 60 2242 inc
85 2183 176 2266 buc,
209 2199 298 2245 nnnc
325 2181 419 2265 illuc,
453 2189 487 2244 et
507 2186 597 2240 tanto
620 2177 738 2240 emeris
757 2178 908 2242 urebatur
926 2179 1093 2262 incendio,
1124 2186 1161 2242 ut

7 2287 167 2348 emineas
198 2287 393 2350 infirmitatis
425 2286 525 2349 oblita
554 2299 616 2345 nec
643 2282 847 2346 tenebrarum
877 2283 1048 2367 caliginem
1055 2329 1065 2366 ,
1098 2301 1160 2347 nec

7 2400 237 2453 srsecutornm
277 2401 432 2454 terrorem
468 2389 610 2470 timeret,
642 2405 705 2450 neo
727 2389 881 2452 custodes
913 2399 1049 2452 curaret.
1092 2388 1160 2452 Sed

8 2495 147 2576 rcurrit,
171 2496 340 2581 circuivit,
363 2495 470 2578 flevit,
493 2491 656 2555 anhelavit
693 2501 729 2554 et
759 2495 890 2576 gemuit.
933 2495 975 2558 Εἰ
997 2495 1075 2558 nulli
1098 2493 1161 2558 dte·

8 2601 93 2682 inm,
130 2600 162 2662 si
186 2600 217 2662 ei
249 2600 369 2665 dictum
403 2599 536 2662 linisset:
570 2593 740 2680 (ΠΜ)
763 2617 865 2683 ecce,
896 2619 993 2683 quem
1022 2599 1160 2682 quaeris,

9 2722 48 2765 rm
71 2723 165 2768 mere
187 2725 340 2790 mcgnnm
363 2705 500 2786 transiit,
523 2711 612 2765 trans
631 2713 784 2766 montana
804 2704 916 2788 elpina
937 2706 1098 2788 migravit,
1119 2707 1159 2768 ab

8 2810 112 2872 riente
138 2811 175 2874 in
211 2812 414 2880 occidentem
449 2827 488 2874 sc
521 2807 668 2890 reduxit,
696 2814 729 2871 et
768 2809 802 2872 in
838 2809 952 2874 ultime
981 2811 1160 2876 occidentis

9 2915 125 2996 ugione
151 2916 297 3002 habitat,
324 2921 453 3003 statim,
483 2932 548 2978 non
576 2905 710 2978 attentis
745 2907 831 2979 mille
867 2916 1035 3000 periculis,
1071 2935 1162 2982 mare

10 3021 190 3104 ransiisset,
211 3039 271 3104 per
290 3029 443 3086 montane
464 3021 674 3102 cucurrisset,
696 3019 899 3085 occidentem
920 3022 1105 3105 lustrasset,
1127 3030 1162 3088 et

10 3139 98 3207 mque
117 3126 151 3188 in
162 3126 360 3211 Hiberniam,
379 3145 464 3211 qnae
484 3127 596 3190 ultima
613 3124 792 3190 occidentis
814 3129 904 3210 regio
926 3136 988 3209 est,
1001 3128 1158 3190 venisset.

10 3223 64 3290 led
93 3229 165 3312 pins
193 3231 351 3302 Dominus
379 3226 434 3298 lri'c
463 3235 498 3295 in
533 3232 595 3297 hoo
623 3227 698 3294 loco
725 3233 892 3316 apparuit,
925 3241 958 3294 et
985 3249 1161 3313 numquam

11 3332 167 3399 occultabit
184 3355 223 3400 se
244 3339 314 3423 his,
335 3343 391 3425 qui
413 3339 452 3402 ab
474 3337 644 3402 occidente
664 3354 723 3418 per
747 3345 838 3399 tanta
861 3346 1018 3399 terrerum
1044 3334 1163 3400 discri-

11 3436 83 3502 nine
103 3449 135 3503 et
154 3457 310 3524 aquarum
338 3443 482 3524 pericula
502 3443 567 3507 huc
594 3442 748 3522 veniunt,
778 3446 814 3502 ut
849 3457 940 3522 enm,
970 3457 1065 3522 quem
1087 3439 1162 3504 dili-

12 3550 87 3624 gunt,
108 3554 271 3628 quaerant.
293 3545 370 3608 Non
391 3547 537 3628 aestimo,
558 3545 635 3627 qnia
654 3543 847 3626 promittitur
867 3543 1052 3606 Zachariae
1072 3545 1163 3608 Vlll.

12 3644 89 3708 Ecce
116 3666 190 3732 ego,
215 3649 336 3732 inquit,
368 3650 503 3714 salvabo
524 3647 679 3733 populum
708 3665 815 3709 meum
838 3646 985 3712 deterre
1014 3651 1160 3733 orientis,

12 3757 40 3810 et
59 3749 98 3812 de
117 3759 200 3818 terre
227 3769 366 3816 nocuus
387 3753 485 3836 solis,
517 3763 550 3818 et
572 3751 730 3817 adducam
751 3767 827 3834 eos,
864 3760 896 3814 et
918 3753 1107 3818 habitabunt
1128 3756 1162 3820 in

14 3853 108 3918 medio
126 3856 323 3942 Jerusalem,
354 3867 389 3922 ct
409 3866 503 3922 ernnt
529 3856 608 3920 milri
628 3857 662 3919 in
683 3856 852 3941 populum,
881 3867 913 3920 et
944 3877 1006 3942 ego
1038 3879 1092 3924 ero
1115 3861 1164 3935 eis

16 3956 46 4016 ln
66 3961 170 4024 Demn.
214 3961 268 4027 Ad
289 3963 391 4048 podes
411 3981 490 4048 ergo
509 3961 643 4026 Domini
660 3959 743 4024 Jesu
762 3979 822 4024 nos
843 3963 897 4027 hic
917 3965 1163 4047 prostravimus,

21 4069 48 4122 ot
73 4065 168 4132 surim
199 4069 344 4155 vestigia
380 4068 453 4154 eJus
496 4067 676 4133 deosculati
707 4083 836 4149 sumus,
880 4077 914 4130 et
944 4066 1164 4151 indulgentius

25 4172 176 4252 recepimus
199 4173 266 4257 st).

920 4323 953 4380 tt
