2640 4792
157 309 355 389 percusserit
384 313 419 370 te
464 305 498 370 in
532 325 628 370 unam
668 307 849 390 maxillam,
885 305 1006 388 praebe
1066 305 1110 367 oi
1150 315 1214 366 et
1260 308 1303 370 alt

158 411 241 476 Cum
274 421 383 476 autem
425 407 493 493 jam
526 430 601 475 sero
633 412 755 476 laetum
798 418 906 493 esset,
938 418 975 473 et
1019 411 1246 474 tenebrae
1279 427 1303 482 el

158 519 249 582 venit
271 516 400 601 quidam
422 523 458 579 et
478 517 573 580 stetit
592 517 627 580 in
648 516 766 580 ostiolo
787 516 973 598 speluncae,
990 535 1162 600 meque
1192 536 1248 580 ex
1273 537 1303 584 nr

157 628 302 706 vocavit,
318 625 369 685 sio
396 621 557 684 olamans:
579 621 709 684 domino
739 621 834 684 Felix
855 621 1056 705 egredimini
1081 623 1221 686 for-as.
1250 625 1303 686 'rer

158 735 268 791 antem
290 727 462 810 respondi,
492 745 545 790 mo
565 727 611 790 ibi
637 728 671 790 in
697 727 769 790 loeo
800 728 920 810 quietis
950 745 1056 810 esse,
1104 747 1195 790 noo
1230 728 1303 790 velle

159 833 264 915 exir03
294 831 335 894 ad
359 830 445 915 quod
468 849 583 915 rogare
604 851 655 894 me
675 833 798 916 coepit,
820 830 951 895 dioens:
987 851 1187 914 magram
1216 834 1303 895 immi

159 939 403 1002 necessitatem.
445 935 544 1000 Exivi
566 955 644 1020 ergo
668 937 710 1000 ad
732 957 823 1020 eum,
843 945 879 999 et
899 945 970 1000 erat
991 938 1159 1022 quidem
1189 939 1303 1000 boreali

159 1051 291 1108 nostrae
308 1040 441 1125 galeae,
461 1040 582 1104 missus
603 1041 800 1127 aquodam,
826 1045 881 1125 qui
900 1045 933 1106 in
954 1044 1057 1126 galda
1092 1046 1303 1108 corastitniu

158 1169 266 1235 agone
286 1149 400 1214 mortis
437 1167 496 1230 pro
533 1165 584 1210 me
606 1147 776 1231 olamavit,
808 1156 846 1210 ut
867 1149 944 1212 mibi
971 1147 1234 1214 eonfiteretur.
1272 1151 1303 1210 bi

159 1264 268 1320 autem
289 1254 486 1317 invitissimo
513 1251 556 1314 ad
584 1251 712 1335 galdum
744 1261 944 1337 reverterer,
974 1261 1103 1316 tamen
1144 1274 1199 1317 ne
1229 1255 1303 1318 anisi

159 1361 271 1426 botris
292 1359 506 1441 negligerem,
527 1359 561 1421 in
580 1356 726 1420 tenebris
745 1357 787 1420 ad
808 1378 896 1421 mare
917 1357 1083 1424 descendi
1090 1405 1106 1442 ,
1133 1367 1177 1422 et
1209 1361 1244 1421 in
1263 1361 1303 1420 brr

159 1485 229 1552 per·
239 1465 391 1548 scopulos
412 1462 706 1546 periculosissimos
728 1461 761 1526 in
782 1461 910 1546 galeam
930 1466 1121 1548 navigavi,
1158 1484 1250 1549 quoe
1268 1483 1303 1546 po

159 1575 209 1634 lto
230 1577 355 1633 remota
375 1571 485 1631 stabat
506 1567 577 1651 (B)
599 1587 619 1631 a
639 1566 750 1654 litore,
769 1570 858 1633 sient
883 1568 1054 1652 Sellingen
1076 1572 1128 1632 ab
1156 1571 1261 1634 Ulmo.
1290 1569 1303 1630 l

160 1677 271 1738 statim
294 1673 453 1738 infirmum
473 1673 562 1736 illum
584 1675 753 1758 expedivi,
776 1682 810 1737 et
831 1675 986 1737 lectulum
1021 1693 1146 1738 meum
1169 1677 1216 1740 de
1235 1677 1303 1738 oonb

162 1795 235 1844 mea
261 1797 389 1842 sursum
418 1780 563 1862 portavi,
595 1786 629 1842 et
649 1781 683 1842 in
704 1799 769 1842 uno
798 1787 957 1863 transtro,
990 1779 1032 1842 de
1066 1801 1141 1866 qno
1171 1785 1249 1846 mibi
1267 1793 1303 1842 ern

162 1892 316 1970 ospeetus
338 1883 379 1948 od
402 1885 497 1968 litus,
519 1886 643 1968 quievi,
669 1887 759 1948 utin
786 1903 883 1970 oasu,
915 1904 978 1972 qno
1000 1889 1178 1970 peregrini
1202 1888 1243 1950 de
1258 1905 1303 1968 spo·

160 1991 258 2056 lurica
294 1991 508 2055 edooerentnr
547 1989 589 2052 ad
625 1973 813 2072 recessum,
852 1998 973 2056 motum
1013 1995 1189 2056 exereitus
1224 1991 1300 2056 videre

160 2114 302 2182 possem.
357 2095 409 2160 Ex
441 2097 620 2158 remotione
656 2096 742 2160 enim
778 2097 982 2162 lucernarum
1020 2097 1212 2162 ardentium
1237 2098 1299 2180 jum

160 2202 304 2263 tentoria
323 2200 522 2266 dominorum
538 2201 724 2264 Maurorum
747 2206 926 2285 potuissem
947 2206 1196 2287 peregrinorum
1219 2219 1297 2266 reoas

159 2324 232 2371 snm
253 2309 449 2390 percepisse.
470 2303 556 2370 Nam
575 2306 670 2389 juxta
683 2305 849 2389 quodlibet
875 2311 1048 2372 tentorium
1069 2307 1296 2392 pendebantll

161 2409 314 2474 ardentes
336 2411 489 2476 lucernae
509 2415 544 2476 in
565 2414 641 2476 altis
661 2415 829 2494 stipitibus
850 2421 982 2496 propter
1008 2416 1164 2478 bonorem
1184 2414 1294 2478 Macte

160 2517 257 2597 meti,
279 2523 314 2579 et
335 2516 533 2583 dominorum
554 2519 599 2581 lbi
622 2517 845 2580 dormientium
873 2521 1105 2602 reverentiam,
1133 2527 1172 2584 et
1191 2527 1295 2603 propter

160 2620 541 2703 populioonsolationem.
565 2623 658 2690 Haeo
668 2641 730 2706 ego
740 2621 809 2686 vidi
819 2622 859 2687 de
870 2627 959 2708 mari,
971 2632 1004 2688 et
1012 2643 1158 2708 magnum
1170 2641 1293 2707 coropa-

161 2727 286 2789 slonem
308 2743 380 2788 enm
392 2727 543 2790 Dominis
565 2735 599 2792 et
618 2729 773 2792 iratribus
786 2730 867 2792 meis
888 2732 1066 2816 peregrinis
1081 2731 1186 2814 habui,
1204 2731 1290 2814 quiin

161 2829 487 2911 speluncasquaiida,
510 2838 543 2893 et
555 2834 728 2896 tenebrosa
732 2833 895 2916 jacebant,
910 2843 944 2898 et
960 2838 1044 2900 omni
1058 2835 1170 2900 solatio
1182 2836 1288 2898 luminis

162 2935 327 3014 aarebant,
341 2941 374 2996 et
395 2935 442 2999 illi
454 2954 552 3000 eones
564 2934 736 3002 Sarraceni
757 2938 976 3004 illustratione
987 2943 1109 3023 eopiosa
1116 2940 1285 3024 gaudebant

243 3035 392 3120 Septima
426 3039 478 3104 die
508 3049 585 3104 ante
615 3041 696 3106 solis
728 3051 833 3108 ortum
870 3045 1026 3110 descendi
1053 3048 1083 3108 in
1102 3047 1236 3127 beroam,
1262 3051 1285 3104 el

161 3161 220 3227 per
241 3143 418 3209 stridentes
430 3164 530 3229 aquas
552 3149 637 3210 inter
650 3167 747 3232 rupes
763 3147 805 3212 ad
825 3151 903 3214 litus
923 3153 1062 3216 remeavi
1076 3151 1210 3234 festinus,
1225 3149 1284 3233 quil

162 3253 366 3336 patavinus
385 3251 473 3318 illico
495 3271 690 3320 recessuros.
714 3251 781 3318 Sed
803 3257 879 3341 quia
898 3261 1026 3343 patroni
1038 3245 1125 3320 nostri
1137 3254 1280 3320 discordes

162 3365 272 3442 erant,
293 3357 365 3422 ideo
388 3359 510 3425 diutius
531 3359 761 3424 detinebamur.
803 3362 979 3427 Discordia
998 3381 1070 3442 vero
1087 3361 1133 3424 illa
1150 3359 1278 3422 Venetiis

162 3459 301 3543 inoepit‚
322 3465 474 3532 videlieet
502 3467 556 3531 fol.
583 3467 660 3549 38„
691 3475 724 3528 et
745 3484 849 3551 usquo
870 3469 935 3534 huo
955 3467 1083 3534 duravit.
1118 3463 1275 3528 conabatur

164 3577 242 3642 ergo
260 3565 397 3646 quilibet
417 3588 496 3636 snos
517 3575 706 3657 peregrinos
728 3591 786 3656 per
810 3580 929 3637 terram
945 3580 1082 3636 sanotam
1098 3570 1198 3636 dooere
1214 3573 1272 3632 sine

163 3662 299 3728 alterius
320 3676 448 3752 patroni
469 3680 668 3760 peregrinis,
701 3685 735 3741 et
756 3679 911 3742 volebant
941 3677 1023 3742 duos
1048 3677 1202 3758 muletatus,
1225 3674 1267 3738 vel

162 3765 246 3830 duas
266 3781 435 3852 separatas
456 3785 579 3842 turmas
601 3782 726 3865 faeere,
747 3803 831 3868 qnae
852 3803 914 3848 neo
943 3785 1052 3848 eodem
1068 3791 1197 3864 tompore,
1214 3797 1264 3842 neo

163 3875 198 3934 in
219 3871 342 3936 eisdem
359 3875 440 3940 loeis
461 3883 680 3948 convenirent.
724 3886 796 3950 Nos
816 3909 896 3955 vero
915 3909 1027 3954 omnes
1047 3889 1183 3974 petivimus
1200 3885 1260 3948 duei

163 3975 319 4042 simulet
351 3981 453 4042 semel
488 3986 549 4046 sub
592 3985 704 4051 eadem
743 3995 913 4080 pactione,
944 3993 1030 4080 quod
1058 4001 1085 4056 ot
1107 3989 1256 4054 Srrreoords

162 4083 285 4165 plaouit
305 4083 339 4146 ln
371 4089 514 4171 tantum,
546 4088 632 4172 quod
649 4092 737 4156 nullo
766 4095 860 4158 modo
889 4099 1042 4161 volebant
1063 4113 1108 4160 nos
1129 4093 1205 4158 dividi
1221 4091 1252 4154 ab

163 4190 318 4273 invicem,
346 4209 404 4273 pro
430 4208 495 4271 qua
522 4197 632 4252 tamen
658 4192 819 4253 divisione
854 4201 947 4260 ambo
980 4201 1090 4281 patroni
1110 4203 1250 4262 consumar
