2716 4798
720 127 783 190 tta

174 309 278 374 loetor
298 308 384 370 sieut
405 305 446 372 de
478 307 629 392 hospitali
650 307 775 390 repleto
804 306 942 370 inllrrnis
970 305 1274 372 deoumbentilrus
1310 307 1332 366 b

172 433 272 498 snper
289 411 368 476 solis
386 408 481 477 ardor
500 410 651 493 superium
673 420 705 474 et
727 412 864 475 interino
882 411 999 494 eallgo,
1020 412 1186 496 oraturio,
1215 408 1334 472 enlidin

172 515 332 605 squalida,
353 523 387 578 et
407 517 465 576 adr
490 523 670 596 eorruptus.
733 515 777 578 llt
807 517 958 599 qmnvts
982 525 1158 579 ventorum
1198 513 1307 576 flatus
1321 529 1342 600 a

174 620 403 702 navigantibus
413 620 630 701 nmmos,
641 626 693 682 ast
710 626 818 682 tamen
830 621 930 684 multo
946 620 1115 702 molestus,
1125 619 1222 702 qnia
1246 607 1342 699 :gitti

173 743 233 809 per
255 740 327 785 anm
347 723 434 806 navi,
456 721 639 786 abieiuntur
670 727 834 806 peregrini
863 725 1054 807 vertiginosi
1085 733 1118 785 et
1145 722 1308 800 debiles,
1329 727 1342 782 el

174 835 417 894 commoventur
430 828 538 890 omnia
550 829 704 892 interiora
721 846 826 912 usquo
852 829 895 892 ad
914 829 1185 892 evomitatlonern
1209 827 1342 904 omniun

174 952 260 1021 quae
279 933 410 998 suntin
436 933 613 1016 stomacho,
638 941 674 996 et
695 937 796 996 totius
819 933 969 996 embron
989 933 1273 996 eommotionenr:
1304 943 1342 992 nn

176 1047 287 1125 potest
313 1037 464 1119 superius
489 1053 621 1100 mouera
643 1047 775 1120 proptor
805 1040 874 1102 vim
905 1037 997 1120 eius,
1022 1046 1056 1099 et
1074 1045 1224 1118 propter
1251 1049 1342 1116 aquea

179 1161 263 1229 qnos
284 1141 388 1224 injiait
407 1141 495 1224 nom,
514 1148 548 1203 et
567 1151 699 1226 propter
720 1143 903 1208 disoursum
924 1151 957 1206 et
977 1141 1107 1207 totores
1128 1141 1340 1224 galeatum:

174 1251 240 1314 imo
259 1250 294 1311 iu
314 1246 439 1310 euntis
459 1246 530 1310 suis
550 1263 682 1311 manere
701 1267 767 1312 non
788 1258 936 1333 possunt,
953 1249 984 1310 si
1003 1247 1117 1310 velum
1141 1249 1180 1308 iu
1205 1263 1251 1308 ea
1269 1253 1339 1326 perte

177 1351 309 1438 pendet,
325 1351 380 1414 ubi
402 1359 454 1413 est
472 1368 582 1414 eorum
603 1353 730 1436 eumba,
751 1355 811 1417 sed
829 1362 955 1436 oportet
968 1353 1010 1415 ed
1030 1354 1225 1434 oppositam
1236 1359 1339 1434 panon

175 1457 390 1540 masagam,
412 1463 446 1518 at
466 1472 695 1540 nonnunquam
708 1468 833 1543 oportet
854 1458 1008 1522 lentulum
1029 1455 1104 1538 (Β)
1134 1467 1299 1534 evertere,
1314 1462 1337 1510 nt

177 1571 275 1647 eaput
292 1560 335 1624 ed
355 1560 461 1623 loounr
481 1560 601 1642 pedum
621 1571 720 1644 ponat
753 1572 787 1628 et
803 1563 904 1646 pedes
915 1563 958 1626 etl
979 1563 1085 1625 locum
1098 1563 1235 1644 onpitis,
1256 1575 1333 1642 prop·

177 1678 227 1734 ter
240 1669 335 1731 navis
357 1664 603 1729 deelinationem
623 1687 682 1751 per
701 1669 849 1734 velorum
870 1677 1009 1732 treetum
1027 1665 1069 1728 ad
1091 1683 1197 1729 nnnm
1221 1671 1332 1748 purten

177 1775 316 1855 Insuper
337 1771 444 1834 tunm
466 1774 624 1855 ooquinae
643 1793 701 1857 per
722 1784 855 1840 ventum
874 1774 908 1836 in
929 1773 1039 1836 navim
1058 1771 1235 1854 projeetus
1255 1783 1328 1851 pert·

178 1880 291 1964 grinon
311 1877 446 1942 multum
466 1877 662 1962 quaudoque
691 1887 800 1942 vexat.
845 1879 924 1964 Sani
952 1885 1189 1958 tempestatm
1210 1885 1332 1955 tenpore

179 1983 362 2048 eidoiuutnr
382 1982 509 2068 infirmi,
528 1992 561 2046 et
581 1983 705 2048 debiles
727 1984 832 2066 magis
846 1981 1001 2068 languidi
1024 1981 1196 2044 continua
1204 1975 1342 2044 montel

142 2169 144 2177 y
180 2085 373 2170 expurgatio
394 2094 445 2149 est
474 2091 655 2170 peregrinis
683 2088 837 2169 moleste,
866 2096 898 2152 et
920 2096 1050 2170 propter
1081 2087 1247 2150 foetorem
1274 2079 1331 2145 lule

186 2192 407 2274 exhalantem,
430 2199 461 2252 et
484 2201 615 2276 propter
640 2193 886 2276 prohibitionem
910 2209 1069 2256 aseensus
1096 2201 1133 2255 et
1161 2192 1328 2262 doomonte

182 2317 318 2386 quorum
338 2304 509 2378 utrumqne
526 2298 713 2381 prohibetur
732 2298 788 2360 illa
808 2299 999 2382 purgatione
1020 2297 1168 2360 durante.
1215 2295 1328 2368 Potina

182 2424 318 2491 qnorum
340 2405 437 2467 navis
459 2404 556 2487 plena
576 2412 646 2488 est,
669 2405 766 2466 etiam
787 2401 922 2466 multum
943 2403 1133 2486 molestent,
1155 2412 1192 2465 et
1215 2393 1342 2486 potienti

182 2521 215 2576 et
237 2527 371 2575 museae
403 2516 435 2569 et
463 2507 651 2594 inquietudo
682 2527 724 2572 ex
750 2508 940 2592 sudoribus,
975 2509 1092 2592 quibus
1123 2508 1229 2572 bomo
1252 2498 1329 2582 uegit

182 2624 337 2697 vexetur,
358 2629 454 2696 quem
474 2617 563 2677 vivis
583 2615 759 2678 vermibus.
794 2613 961 2678 Suoeessu
982 2613 1139 2698 temporis
1156 2615 1329 2696 generanti!

182 2724 217 2784 in
239 2719 317 2781 navi
343 2733 450 2780 mures
478 2727 511 2782 et
540 2719 640 2802 glires
672 2723 707 2784 in
732 2739 851 2806 magno
879 2739 1028 2802 numero,
1058 2726 1091 2780 et
1120 2726 1260 2782 enrrunt
1287 2717 1329 2774 leit

185 2831 292 2906 noete,
315 2831 347 2886 at
368 2820 484 2888 rodunt
504 2824 715 2890 reservaeula
735 2827 937 2908 cibariorum,
957 2832 990 2886 et
1010 2823 1187 2906 perforant,
1212 2831 1248 2886 ot
1266 2817 1330 2882 albe

185 2927 334 3011 foedant,
363 2936 396 2991 et
427 2929 601 2993 naturalia
628 2947 668 2994 eo
696 2931 917 2996 enloenmeuta
947 2938 1170 3012 corrumpunt,
1205 2939 1242 2992 et
1259 2936 1330 3004 supet

185 3033 296 3099 vultus
317 3032 540 3098 dormientium
569 3034 707 3116 eadunt,
735 3043 769 3098 et
792 3037 855 3102 bne
875 3035 950 3119 plns
975 3035 1031 3098 vel
1057 3035 1167 3098 minus
1186 3053 1252 3117 pro
1270 3041 1330 3093 ten·

184 3157 281 3228 pore:
314 3140 485 3204 nonenim
507 3156 650 3224 semper,
678 3140 738 3204 sed
760 3141 831 3205 suis
855 3140 1053 3222 temporibus
1081 3138 1137 3202 illo
1169 3144 1329 3206 moventur.

185 3246 240 3313 An
271 3246 382 3312 ilatum
418 3261 557 3328 nemque
588 3244 725 3328 elioujus
755 3250 845 3310 venti
883 3246 990 3310 omitia
1020 3245 1169 3308 viventia
1205 3246 1246 3310 in
1276 3235 1332 3303 ntu'

187 3352 375 3434 tabescunt,
396 3349 536 3434 pulices,
557 3367 706 3436 musone,
739 3367 848 3418 mures
872 3360 904 3415 et
926 3349 1125 3434 hujusmodi,
1153 3359 1189 3412 et
1212 3357 1331 3414 eveum·

188 3463 281 3536 ourtt,
309 3453 396 3537 quod
426 3473 487 3520 neo
520 3473 619 3520 unum
653 3458 842 3541 reperiatur.
883 3456 952 3522 set
981 3457 1037 3522 illo
1068 3462 1168 3518 vento
1188 3454 1251 3517 vel
1278 3451 1332 3512 titt

187 3564 308 3622 mutato
329 3560 444 3623 iterum
472 3571 677 3646 generantur.
720 3561 852 3626 Culioes
877 3564 975 3626 etiarn
996 3578 1056 3626 auo
1088 3567 1239 3640 tempore
1258 3559 1330 3620 enuit

188 3675 249 3725 suo
271 3669 304 3724 et
324 3663 484 3728 morsibus
504 3668 639 3735 multum
658 3669 840 3754 peregrinis
859 3667 987 3734 molesti
1009 3673 1094 3728 sunt.
1136 3663 1191 3728 Ex
1211 3656 1331 3730 humidi·

188 3765 307 3830 tatibus
329 3767 428 3832 etiem
447 3781 644 3852 generantur
663 3773 697 3833 ln
723 3774 800 3840 navi
828 3789 958 3838 vermes
987 3771 1095 3836 erasm
1121 3778 1155 3833 et
1183 3769 1266 3854 albi,
1291 3759 1329 3846 qu·

188 3871 307 3957 ubique
322 3879 456 3955 serpunt
470 3882 502 3937 et
527 3874 569 3937 ad
589 3893 684 3939 orura
705 3885 738 3940 et
755 3879 791 3940 iu
808 3879 910 3949 booles
931 3879 1095 3942 bominum
1118 3871 1342 3940 insensibiliter¹

188 3977 382 4064 ascendunt,
404 3988 544 4063 queant
568 3979 663 4044 bento
685 3983 830 4045 sentiens
853 3985 953 4068 digito
981 3985 1099 4067 tangit,
1128 3989 1251 4066 putens
1271 3987 1326 4042 ent

188 4102 350 4172 muscam,
383 4103 459 4152 mox
480 4089 635 4169 rumpitur
666 4094 699 4148 et
729 4090 823 4148 sarria
866 4090 958 4152 loeus
993 4089 1157 4171 foedatur,
1186 4087 1244 4151 ubi
1267 4086 1323 4148 btt-

185 4194 237 4256 sit.
280 4190 438 4270 Quamvis
467 4195 575 4252 autem
604 4187 724 4249 multae
754 4189 974 4252 immunditiae
1004 4200 1081 4255 sunt
1106 4194 1147 4258 ior
1174 4191 1270 4275 galda
1296 4197 1323 4246 tt
