2596 4788
549 221 615 286 tos

9 379 233 482 ²¹?*iseipnii
264 408 298 464 et
328 404 402 485 ipsa
433 401 483 462 in*
499 399 552 464 die
582 401 790 487 pentecostes
821 403 975 486 Spiritum
1013 415 1161 470 sanctum

9 489 207 590 *Her-ant,
229 507 327 572 stibi
347 525 432 572 novo
452 507 569 594 gaudio
592 509 783 592 replebatur.
816 511 960 595 indeque
982 511 1162 594 descendit,

22 601 257 678 'isuienrum
287 597 465 699 prophetae
485 613 611 698 David,
633 615 824 698 patrissui,
846 615 1024 700 quaesivit,
1046 625 1079 680 et
1100 616 1164 682 hoc

9 709 196 782 '³⁸²ventt
216 721 249 782 in
271 735 365 784 suurn
387 715 570 804 oratorium,
592 719 678 802 qnod
693 739 794 804 prope
815 713 894 804 crat,
912 721 945 784 in
967 739 1030 806 quo
1050 722 1164 786 habuit

9 821 236 908 '³⁴¹otiqutis,
263 831 299 886 nt
325 826 380 907 pie
401 823 558 909 creditur,
581 825 661 888 duos
699 841 835 908 magnos
865 824 991 908 lapides
1013 825 1075 888 sibi
1105 845 1164 908 per

9 933 118 994 *etos
167 929 286 992 allatos
308 946 328 992 a
348 939 457 993 monte
484 929 603 1014 Synai,
635 949 733 993 unum
756 929 907 1012 deloco,
943 931 998 992 ubi
1026 931 1163 1015 Moyses

9 1041 87 1096 aa„
107 1033 247 1098 ¹ardere
266 1033 350 1097 vidit
370 1035 443 1097 sine
459 1037 697 1099 consumtione:
719 1045 752 1098 at
769 1035 864 1119 juxta
879 1035 1019 1121 lapidem
1040 1039 1164 1120 gratias

9 1142 178 1224 aiguas
208 1139 276 1222 egit
306 1139 348 1203 de
379 1155 460 1202 suae
492 1134 692 1224 virginitatis
718 1140 861 1224 gloriosa
892 1143 1158 1226 conservaticno;

9 1257 73 1308 ιὲιι
109 1263 203 1332 vero
226 1245 267 1308 dc
288 1245 474 1308 summitate
528 1245 612 1308 entis
625 1244 767 1329 synai,⁸
757 1263 791 1306 ιιι
813 1262 890 1327 qno
888 1244 1053 1330 decalogi
1065 1265 1163 1330 prae·

9 1370 73 1413 na
97 1329 255 1414 fuernnt·
269 1349 381 1433 Moysi
402 1349 484 1413 tradi
525 1359 588 1414 :et
606 1349 701 1432 juxta
732 1349 818 1412 hune
846 1345 984 1436 lapidem
1017 1362 1164 1416 contem-

9 1463 142 1519 aatsrr
175 1447 420 1539 praeceptorum
463 1455 684 1538 eminentiam,
717 1463 750 1518 et
783 1455 863 1519 Deo
885 1457 1163 1540 reconciliabatur,

12 1559 65 1628 ,ri
98 1579 170 1644 per
200 1578 272 1623 eam
299 1561 418 1626 mundo
451 1560 546 1625 datus
574 1568 627 1625 est
655 1561 727 1645 ilie,
755 1560 812 1643 qni
838 1561 950 1645 legun
965 1561 1008 1652 ad
1035 1561 1105 1646 jota
1131 1571 1164 1627 et

11 1683 114 1754 parem
151 1663 361 1751 adimplevit,
402 1677 438 1732 nt
467 1667 603 1732 habetur
625 1666 742 1733 matth.
764 1667 810 1737 V.
838 1667 910 1731 Hos
932 1664 1014 1730 dnos
1034 1666 1162 1752 lapides

9 1774 121 1856 enit,
156 1771 192 1834 in
223 1773 341 1856 quibus
378 1772 451 1837 ioca
478 1772 601 1836 deserti
614 1771 736 1856 'Synai
765 1771 932 1855 visitavit,
975 1774 1051 1858 qnia
1082 1791 1162 1838 vere

9 1877 168 1968 ,regrina
188 1874 269 1939 fuit.
312 1877 363 1938 De
382 1878 434 1941 his
465 1877 627 1961 lapidibus
655 1877 733 1942 mato
761 1875 971 1941 saiwan.
1016 1877 1164 1943 Abinna

17 1999 55 2060 ‚ao
91 1985 195 2062 post
204 1979 380 2042 orationem
416 1983 575 2064 surrexit,
614 1986 649 2043 ct
677 1981 712 2043 in
744 1981 874 2045 domum
902 1979 1033 2044 rediens
1061 1981 1160 2048 tinem

9 2081 265 2166 „egrinationis
286 2099 366 2146 suaa
389 2082 447 2147 iilo
469 2084 521 2148 die
541 2073 701 2191 imposuit.
807 2095 814 2107 ·
1041 2079 1053 2104 ⁸

15 2189 131 2268 ,Dc
153 2187 247 2251 domo
267 2189 445 2252 mansionis
465 2167 673 2254 beatissimae
692 2187 814 2254 Mariae
834 2189 983 2274 Virginis
1003 2188 1083 2254 vido
1105 2188 1159 2252 iol.

14 2295 51 2374 a')
86 2293 130 2356 A.
153 2289 224 2356 De
255 2293 312 2356 iila
340 2294 599 2378 peregrinatione
632 2295 841 2360 beatissimae
870 2295 996 2358 Mariae
1016 2269 1164 2381 Virginis

9 2401 72 2481 psit
96 2396 215 2482 0dilio,
236 2399 388 2483 antiquus
410 2389 571 2464 ecclesiae
599 2397 778 2465 doctore'si
800 2401 885 2476 scire
901 2399 1062 2482 voidmns,
1085 2395 1163 2484 quid

9 2505 209 2588 „ataVirgo
230 2512 305 2589 post
326 2508 552 2571 ascensionem
562 2506 692 2570 Domini
713 2503 842 2590 egerit'i
866 2505 946 2568 Sine
972 2503 1067 2566 dnbio
1088 2502 1161 2566 loca

9 2610 196 2694 pativitatis,
230 2611 411 2694 passionis,
441 2613 701 2696 resurrectionis,
735 2611 953 2692 ascensionis,
977 2599 1162 2692 freqne'nter

9 2717 168 2799 psitabat,
191 2724 222 2777 et
243 2716 277 2777 in
299 2716 347 2778 eis
368 2707 530 2800 iacrymas
551 2715 721 2800 fundebat,
745 2725 776 2779 et
804 2715 871 2779 oris
889 2715 942 2778 sui
963 2711 1162 2778 sanctissimi

9 2822 114 2904 ,scula
144 2822 355 2903 imprimebat.
399 2821 443 2885 ltt
466 2821 582 2885 beatus
612 2816 832 2914 Hieronymus
868 2822 902 2885 iir
941 2813 1091 2885 sermone
1118 2818 1159 2881 de
1275 2857 1277 2862 -

9 2924 198 3009 ,ssnmtiona
218 2927 268 2988 sic
289 2926 368 2992 dicit
399 2927 441 2990 de
462 2927 574 2991 eadem
607 2927 881 3012 peregrinatione.
902 2927 1061 2990 fortasse
1082 2942 1160 3008 prae

9 3030 99 3116 ,imio
130 3047 236 3093 amore
266 3030 299 3093 in
331 3030 462 3117 icco,
452 3053 485 3096 tn
517 3052 581 3118 quo
608 3033 703 3130 filins
720 3032 792 3116 ejus
818 3041 924 3116 natus,
952 3041 1097 3096 mortuns
1130 3037 1163 3092 et

9 3131 158 3238 ,optritae
183 3135 343 3200 credimus
375 3137 535 3202 interdum
567 3102 752 3224 habitasse,
785 3155 845 3224 per
876 3135 961 3225 quac
994 3136 1068 3200 loeo
1090 3133 1162 3220 piis

9 3233 187 3322 pasceretur
207 3239 341 3306 interius
363 3263 453 3310 amor
474 3245 654 3329 obtutibus,
682 3245 758 3333 quia
778 3247 841 3310 hoc
860 3246 958 3307 habet
988 3242 1162 3324 impatiens

9 3363 106 3429 amor,
125 3356 168 3428 nt,
190 3347 275 3430 qnod
303 3347 474 3432 desiderat,
497 3368 625 3433 semper
646 3349 794 3412 invenire
819 3365 857 3411 se
879 3345 998 3411 credat
1028 3345 1080 3407 De
1100 3345 1163 3407 hac

9 3453 105 3534 ,etiam
124 3453 378 3533 peregrinatione
405 3454 546 3536 loqnitnr
579 3451 758 3535 Antonino,
791 3452 825 3514 in
856 3443 1040 3522 Summad.
1063 3447 1161 3512 Parte

10 3555 70 3632 ,ιιι
91 3555 160 3625 XV.
180 3552 260 3638 Cap.
290 3556 342 3620 te
365 3552 400 3644 ς.
433 3559 464 3622 a.
509 3556 615 3619 Ambo
636 3563 744 3618 tamen
765 3553 916 3637 credunt,
949 3553 1036 3638 qnod
1065 3571 1163 3638 pere-

9 3661 140 3742 ,grinatio
159 3651 230 3721 ilia
241 3662 355 3724 beatae
375 3662 500 3724 Mariae
519 3659 667 3742 Virginis
689 3661 801 3742 magis
813 3658 1021 3743 intelligenda
1041 3659 1084 3723 ait
1104 3675 1162 3724 sc·'

18 3764 143 3829 cundum
162 3763 323 3847 spiritum,
352 3783 448 3848 qnam
471 3763 648 3830 seeundum
676 3763 791 3826 locum
835 3762 986 3852 Sed-per
1012 3765 1075 3829 hoc
1096 3783 1162 3834 non

9 3874 120 3953 tnegat,
136 3885 199 3931 eam
221 3869 318 3933 etiam
339 3868 517 3933 secundum
532 3871 640 3934 locum
657 3869 892 3956 peregrinatam
910 3869 1025 3954 inisse,
1044 3869 1077 3933 in
1097 3885 1162 3953 qua

24 3974 260 4058 peregrinatione
294 3975 428 4038 multum
465 3977 610 4040 maritam
651 3975 835 4060 acquisivit.
889 3972 1043 4053 Quolibet
1076 3975 1161 4037 enim

27 4091 103 4144 motu
120 4079 202 4143 liberi
222 4079 343 4145 arbitrii
363 4079 553 4164 merebatur,
567 4080 641 4144 ideo
658 4082 692 4144 in
713 4083 799 4144 omni
820 4082 947 4145 actione
967 4079 1159 4143 merebatur.

29 4182 116 4266 Caius
139 4185 234 4267 prima
265 4186 444 4260 reticeat:
489 4186 676 4250 intellectus
703 4203 832 4269 semper
855 4194 971 4249 rectas
1000 4191 1068 4264 est,
1098 4180 1160 4243 nisi

30 4289 136 4382 qnando
154 4309 188 4353 se
205 4291 365 4367 immiscet
395 4291 624 4376 phantasticis,
647 4300 692 4354 et·
716 4289 883 4353 deducitur
911 4291 962 4352 abv
993 4290 1051 4350 eis.
1093 4283 1162 4348 Sed
