2640 4792
580 197 639 266 1⁷1

14 383 184 446 ‚etisset
240 379 448 467 Quapropter
476 381 565 446 faeta
591 387 646 448 est
663 383 828 448 nomentio
849 387 885 446 et
904 381 1084 466 indignatio
1111 382 1198 448 iuter

14 495 198 552 atr-ouum
220 495 256 554 ot
277 476 533 572 gotomatores:
555 495 754 571 etrootnres
775 489 860 552 inter
885 505 924 552 se
952 490 1196 572 convertebant,

14 599 29 656 t
74 595 247 677 galeatos
273 589 495 678 iueulpabant.'
543 593 749 658 Avertetant
776 613 854 679 argo
879 591 1007 678 goliam
1034 611 1054 658 a
1080 604 1198 678 eoepto

14 699 136 762 inere
159 698 206 762 ad
222 697 385 782 'dextram
407 705 442 761 et
461 692 777 781 oimovesperasad
792 715 914 764 veram.
927 700 1025 762 maris
1046 702 1196 764 semitam

14 804 222 874 avonimna.
244 791 313 894 Sed
331 823 407 868 mox
427 811 465 868 nt
488 804 637 870 aaaron
659 805 940 906 apprehendimus,
965 809 1055 873 siluit
1075 815 1196 872 ventus

14 915 33 971 t
61 925 188 992 paene
207 887 288 972 uriiil
307 909 363 973 illa
383 916 481 973 noeto
499 904 738 992 navigavimus
761 907 841 990 (60
848 910 901 988 Δ)

95 1014 413 1099 vicesimoquinto
437 1007 586 1079 veuiinus
615 1035 658 1078 ex
676 1018 826 1100 opposito
842 1017 1061 1100 antiquissimi
1083 1024 1198 1102 portus

14 1117 141 1204 lypri,
166 1121 225 1204 qui
243 1119 362 1184 dieitur
379 1120 537 1224 Paphum,
558 1120 601 1182 da
621 1139 685 1205 quo
708 1120 848 1185 habetur
867 1122 1013 1186 Ao‘tunm
1035 1123 1085 1188 ta.
1113 1141 1145 1185 v.
1167 1122 1197 1185 e.

14 1233 37 1287 ιι
69 1225 142 1308 13.,
167 1227 258 1288 eirea
271 1239 367 1308 quam
388 1204 529 1288 vidimus
543 1231 684 1288 montem
696 1225 853 1328 Veneris,
861 1225 1037 1291 atdiuam'
1027 1247 1061 1291 ιιι
1083 1227 1199 1309 reditu,

14 1338 40 1392 ιι
69 1330 177 1400 tardo
203 1318 276 1392 era't
297 1334 413 1393 nostra
433 1331 601 1413 navigatio
633 1343 738 1414 usqne
770 1330 811 1395 ad
839 1331 1012 1398 meridiem.
1063 1333 1200 1396 Meridie

14 1435 114 1498 remit
133 1439 244 1500 bonus
266 1442 395 1518 ventus,
417 1435 472 1518 qui
493 1436 565 1500 tulit
586 1455 645 1500 nos
666 1436 780 1537 inde,
795 1448 828 1501 at
861 1421 997 1521 reponte
1017 1435 1200 1521 pertransi·

14 1543 133 1605 nimus
162 1541 206 1603 ad
227 1541 314 1603 latus
344 1541 440 1623 regni
460 1541 560 1624 Cypri
588 1551 714 1625 portum
742 1543 1006 1607 limeuniaensam
1037 1551 1071 1607 et
1088 1545 1201 1609 bisco-

14 1648 183 1730 pirensem,
205 1653 238 1709 et
259 1629 353 1710 cirea
367 1662 524 1729 vesperas
546 1646 588 1710 ad
619 1647 831 1712 salinensem
834 1659 960 1736 portum
984 1648 1200 1733 applicuimus

14 1761 48 1815 at
86 1762 223 1814 navarn.
236 1749 387 1847 anoirqris
418 1759 452 1814 et
486 1747 626 1816 tonsillis
661 1753 910 1838 alligavimus·
907 1753 1053 1819 Statim
1090 1765 1198 1819 autem

15 1856 176 1920 dominus
184 1850 354 1942 wroiius
385 1873 459 1918 oum
480 1861 550 1922 anis
583 1859 731 1937 famulis·
744 1857 840 1922 eduai
867 1877 906 1922 se
936 1859 1014 1922 feeit
1038 1859 1080 1922 ad
1109 1861 1198 1945 litus,

17 1971 51 2025 et
77 1945 125 2026 ibi
146 1962 316 2056 conductis
338 1962 431 2044 equis
451 1961 486 2025 in
517 1961 685 2026 Moesiam
707 1965 872 2028 civitatem
914 1972 946 2026 et
978 1963 1076 2047 eaput
1105 1967 1199 2050 regni

18 2067 130 2151 Cypri
141 2069 183 2131 ad
203 2067 348 2152 reginam
365 2065 532 2148 equitavit,
553 2067 689 2132 visitare
707 2069 823 2132 volens
834 2089 969 2132 uxorem
987 2075 1095 2154 inam,
1112 2090 1199 2156 qnae

23 2171 234 2242 cubicularia·
249 2172 384 2254 reginae
401 2178 479 2234 arat.
521 2171 574 2234 De
603 2173 666 2236 hae
692 2173 826 2238 civitate
853 2175 920 2240 dixi
941 2175 995 2239 iol.
1028 2177 1078 2242 ιθ.
1100 2178 1145 2247 Α.
1166 2187 1200 2242 et

24 2283 102 2367 ejus
126 2279 300 2363 tiesariptio
326 2277 464 2340 habetur
484 2276 539 2340 iel.
562 2279 635 2343 143.
664 2280 703 2344 B.
726 2280 765 2345 Ρ.
786 2281 826 2342 ll.
869 2278 1019 2365 Cumque
1043 2283 1199 2347 deminus

24 2375 187 2473 patrenus
194 2380 400 2464 tremuisset,
412 2383 565 2445 stetimus
578 2399 639 2446 nos
648 2385 816 2468 peregrini
827 2401 927 2469 supra
940 2387 1068 2468 galiam
1080 2397 1198 2451 terram

27 2492 254 2575 respitientes,
274 2493 378 2568 etego
396 2485 605 2558 atahamonm
628 2488 811 2581 eis,tiioens
827 2507 953 2580 meeum
979 2495 1143 2556 stantibus
1157 2493 1198 2558 do

29 2603 146 2684 portas
167 2595 256 2658 iilius
277 2590 459 2675 sterilitate,
482 2601 515 2656 ot
534 2593 734 2660 conditiones
746 2593 849 2692 'iilius
870 2595 1034 2682 regionis,
1064 2600 1141 2683 quia
1166 2601 1200 2663 in

33 2704 130 2788 priori
150 2697 408 2788 peregrinatione
431 2697 542 2766 multis
563 2700 679 2764 diebus
699 2701 744 2764 ibi
766 2699 900 2766 sueram.
941 2699 1081 2764 Ostendi
1102 2702 1199 2764 etiam

36 2807 169 2872 dominis
186 2806 368 2890 peregrinis
383 2807 455 2869 lona
468 2814 583 2890 terrae,
604 2824 689 2890 quoe
710 2807 803 2870 novi·
826 2816 861 2870 at
879 2808 964 2871 inter
988 2807 1053 2870 alia
1072 2805 1201 2870 ostendi

37 2918 87 2978 eis
106 2923 239 2976 montem
258 2912 292 2976 S
318 2907 458 2996 Oruris,
465 2913 519 2997 qui
546 2921 598 2975 est
617 2911 729 2975 altior
727 2931 829 2977 mons
851 2916 951 2978 totius
972 2913 1066 2997 regni
1085 2913 1201 2997 cyprii,

39 3032 73 3084 et
92 3023 123 3083 in
144 3019 211 3114 ejus
232 3019 398 3082 acumine
425 2999 476 3080 eit
502 3001 667 3101 molesia,
684 3011 730 3082 ιιι
744 3009 809 3106 quia
834 3020 955 3102 pendet
985 3037 1067 3082 cmx
1095 3017 1201 3082 dextri

40 3127 171 3198 latronis
191 3144 264 3189 oum
288 3123 418 3187 Christo
441 3123 596 3219 οιιιοιιιιι,
618 3131 650 3187 et
672 3123 739 3186 dixi
761 3122 909 3188 Dominis
931 3143 982 3206 ea,
1004 3141 1088 3207 quaa
1112 3123 1201 3186 refe-

42 3241 149 3296 runtur
168 3232 208 3294 de
227 3229 286 3294 illa
310 3245 417 3310 ornae,
438 3237 475 3291 ut
495 3230 628 3312 potabit
673 3226 823 3313 Cumque
842 3229 975 3294 Domini
998 3229 1072 3313 mei,
1094 3236 1127 3291 at
1146 3228 1202 3294 aiii

44 3337 192 3421 peregrini
212 3341 336 3399 starent
357 3343 390 3396 et
410 3334 602 3398 mirarentur
621 3334 663 3397 da
683 3335 741 3398 illa
761 3351 869 3417 ornae,
889 3342 922 3396 et
935 3341 1076 3395 montem
1095 3334 1204 3424 respi-

47 3451 163 3525 cerent,
189 3440 245 3526 qui
273 3441 415 3521 quinque
438 3435 638 3505 ihentonicis
673 3438 851 3500 miiiaribus
879 3455 900 3499 a
927 3436 1021 3498 nobis
1053 3435 1202 3522 distabat,

49 3549 111 3611 dixi
138 3548 201 3609 eia:
234 3561 318 3607 anea
348 3543 532 3605 oharissimi
566 3544 669 3626 aonii,
697 3542 847 3604 dominus
879 3549 1036 3624 patronus
1071 3541 1203 3606 intravit

49 3650 211 3732 Nioosiam,
232 3655 266 3712 et
286 3664 362 3710 eras
388 3643 473 3710 de
451 3663 527 3709 aare
546 3646 606 3710 vix
633 3651 835 3729 revertetur,
855 3654 888 3709 at
911 3654 989 3708 ante
1008 3645 1080 3729 ejus
1098 3647 1202 3712 reditu

51 3752 188 3819 roeedmo
201 3747 265 3816 nen
281 3758 513 3835 presummat
534 3736 608 3814 a'ras
630 3751 852 3834 longissimam
874 3759 908 3816 ot
933 3751 1202 3819 taediosissimom

54 3861 128 3924 iiam
149 3857 349 3924 hotebimm':
371 3873 459 3921 nune
478 3856 576 3939 igitur
595 3857 624 3920 si
646 3857 720 3939 quis
741 3857 812 3921 vult
832 3875 957 3922 menum
978 3859 1140 3942 proficisci
1161 3859 1203 3924 ad

55 3973 175 4030 montem
194 3960 354 4046 sanetum,
378 3963 491 4026 veniat
519 3960 561 4026 ad
575 3981 580 3988 ·
593 3965 745 4048 puppim,
777 3973 811 4026 et
836 3962 1045 4028 visitabimus
1073 3981 1202 4028 amcam

58 4079 191 4154 sanatam,
211 4077 243 4134 et
271 4070 324 4136 die
344 4069 486 4133 erastino
507 4071 702 4153 tempestive
723 4069 776 4133 hio
797 4069 926 4133 erimus.
944 4080 950 4089 ·
969 4071 1014 4156 Et
1032 4069 1087 4133 hia
1107 4066 1204 4131 dietis

59 4178 179 4258 proeessi
192 4175 239 4239 'ad
259 4175 401 4261 puppim,
424 4184 457 4239 at
479 4165 571 4237 multi
593 4175 720 4239 nobiles
747 4178 968 4258 sequebantur
1000 4189 1062 4248 me,
1083 4177 1204 4252 putau-

60 4289 101 4345 ιιι
124 4299 168 4346 ma
182 4281 255 4364 joee
283 4282 339 4345 illa
368 4280 479 4346 diaeta
515 4285 550 4344 at
581 4281 700 4344 sanare.
752 4276 904 4342 Conduxi
934 4289 1013 4355 ergo
1040 4274 1075 4334 in
1103 4270 1204 4352 puppi
