2768 4780
619 195 684 262 297

60 381 209 446 Veneris
232 389 370 445 statuam
392 397 600 445 marmoream
625 379 659 442 in
680 379 751 462 ipso
772 379 948 464 ooliooons,
971 386 1008 444 nt
1031 380 1130 446 refert
1143 377 1243 444 Joro·

60 506 184 570 nymns
200 488 236 551 in
257 487 352 570 epist.
375 483 417 547 ad
437 485 628 568 Paulinam,
649 492 684 547 et
704 487 740 548 in
772 485 881 549 odium
906 484 1105 552 Judaeorum
1136 485 1245 571 posuit

62 601 209 656 statuam
232 611 307 656 oum
318 591 461 674 imagine
481 609 544 654 sna
565 590 726 674 inlooum,
747 591 803 655 ubi
818 592 973 676 tempium
985 592 1118 660 Domini
1129 591 1243 674 meret,

61 701 94 760 in
117 717 186 782 quo
208 697 328 761 Judaei
359 698 533 760 oratorium
562 698 728 782 fecerant,
761 705 796 760 et
827 717 924 782 qnam
946 698 1055 762 statim
1073 700 1245 782 imperator

63 801 199 866 dorsum
221 803 349 866 eivitati
369 804 479 885 vertit,
490 801 609 867 Judaei
632 810 772 868 statuam
782 805 984 886 imperatoris
1005 803 1242 868 destruxerunt.

62 905 159 985 Quoii
184 907 324 972 audiens
344 907 510 972 Adrianus
534 924 689 973 reversus
712 917 775 994 est,
798 918 831 974 at
856 918 958 974 totam
979 909 1144 974 eivitatem
1166 908 1243 970 tirn-

63 1012 153 1076 ditus
177 1015 297 1076 evertit
319 1014 652 1097 eliminatiandaeis,
679 1024 711 1078 et
733 1016 820 1079 abiit.
850 1015 893 1079 Et
914 1016 961 1081 ita
980 1017 1095 1079 iterum
1116 1013 1245 1076 merant

62 1119 145 1181 muri
166 1117 307 1202 projeoti
335 1120 369 1182 in
400 1124 592 1203 veraginem
628 1137 726 1202 snpra
758 1137 885 1190 ornnes.
940 1121 1017 1184 Non
1049 1117 1149 1182 mutto
1171 1123 1244 1200 post

63 1220 299 1305 Caeaarretiit,
321 1233 354 1286 et
375 1225 539 1288 eivitatem
562 1225 605 1287 rie
624 1244 710 1288 novo
733 1225 937 1310 instauravit,
959 1234 994 1289 et
1014 1223 1188 1310 praecepit,
1207 1229 1244 1284 ut

62 1345 176 1392 murus
198 1331 353 1412 antiquus
373 1329 585 1394 oecidentalis
603 1329 747 1394 totaliter
773 1332 807 1393 in
837 1331 1031 1416 voraginem
1047 1329 1244 1415 praecipita-

63 1425 168 1510 retur,
194 1451 332 1517 eamque
337 1433 436 1516 iussit
456 1437 584 1518 repleri,
607 1445 639 1498 et
662 1435 806 1522 reliquae
815 1445 920 1500 terrae
931 1438 1073 1522 aequari,
1096 1442 1244 1516 attemp-

62 1537 129 1601 inm
151 1539 299 1602 Veneris
320 1541 420 1603 muris
454 1541 600 1604 civitatis
622 1541 803 1625 eoinoiudi,
826 1552 860 1605 et
877 1561 936 1626 pro
963 1552 1053 1607 tanto·
1080 1541 1245 1604 civitatem

63 1645 259 1728 amplificari
282 1645 369 1710 feeit.
411 1647 455 1707 Et
477 1648 526 1708 ita
548 1646 668 1710 sactum
691 1656 751 1730 est,
774 1647 860 1731 quod
882 1667 1005 1733 vorago
1023 1649 1099 1731 illa,
1120 1647 1155 1709 in
1175 1650 1245 1729 'qua

64 1760 181 1814 saneta
191 1749 382 1832 ornxjaouit
393 1767 495 1814 annos
515 1753 644 1816 eiroiter
664 1760 793 1816 eentum
803 1753 947 1834 LXXX,
959 1749 1006 1818 ¹ut
1022 1756 1243 1836 Hieronymus

62 1855 95 1915 in
106 1855 234 1938 ...[iooo
247 1854 460 1940 abetoi]tiioit‚
466 1874 637 1940 quousque
647 1866 764 1920 saneta
773 1859 901 1921 Helena
912 1861 1012 1942 venit,
1025 1867 1056 1922 et
1069 1860 1126 1922 vix
1138 1857 1243 1919 loonrn

63 1960 216 2025 invenire
233 1965 345 2044 potnit,
365 1962 420 2045 qni
442 1962 476 2024 in
498 1961 692 2024 oblivionem
715 1972 859 2026 venerat.
882 1962 1025 2044 Spanum
1047 1965 1125 2044 ergo
1147 1977 1243 2024 mun-

64 2061 166 2149 davit,
189 2075 222 2128 et
244 2085 317 2130 eum
338 2069 522 2130 consecrari
544 2067 632 2148 feeit,
653 2076 684 2129 et
712 2087 805 2131 suam
827 2067 984 2151 capellam
1010 2077 1043 2131 et
1070 2066 1243 2131 habitatio·

65 2187 138 2232 nem
161 2171 303 2254 desuper
324 2174 520 2256 eonstruxit,
542 2173 627 2236 sieut
652 2171 748 2236 bodie
782 2180 844 2237 est.
889 2172 1065 2238 stabamus
1097 2191 1176 2256 orgo
1207 2171 1242 2234 in

66 2273 136 2339 loeo
158 2277 216 2340 iiio
239 2279 332 2360 quasi
353 2280 435 2361 rapti
455 2297 537 2361 prae
548 2276 761 2341 admiratione
782 2278 989 2360 seopnlomm
1013 2286 1046 2340 et
1067 2284 1241 2360 petrarum,

67 2380 128 2444 sub
141 2382 261 2467 quibus
286 2391 400 2446 saneta
419 2399 499 2446 ernx
519 2385 654 2446 inventa
676 2383 747 2466 init,
767 2385 843 2468 quia
865 2400 962 2464 rupes
983 2381 1148 2465 praerupti
1159 2397 1243 2463 pen-

69 2483 193 2550 debant
221 2505 319 2571 saper
347 2489 455 2570 oapita
485 2498 610 2572 nostra,
633 2489 689 2573 qui
712 2491 836 2551 ruinam
858 2488 1061 2550 minarentur.
1112 2487 1150 2549 In
1182 2483 1245 2548 hae

70 2607 165 2659 saera
186 2595 344 2676 voragine
374 2593 511 2658 multam
537 2593 741 2657 devotionem
762 2593 914 2656 hauriunt
947 2591 1120 2679 peregrini.
1174 2587 1243 2653 Seri

69 2692 249 2760 Christiani
268 2699 441 2762 orientales
466 2707 499 2760 et
519 2701 619 2762 etiam
640 2697 813 2763 sarraceni
841 2700 875 2760 in
907 2717 947 2761 ea
974 2704 1094 2762 venant
1125 2713 1243 2779 super-

69 2801 255 2866 stitiorribns
275 2804 380 2866 vanis.
411 2803 496 2867 Nom
518 2805 560 2868 de
585 2805 720 2888 rupibus
741 2804 807 2869 iilis
836 2803 939 2868 irnsta
971 2801 1165 2868 desoindnnt
1184 2817 1243 2884 pro

71 2907 254 2975 medieinis.
297 2909 418 2973 Dieunt
439 2910 535 2992 enim,
557 2910 644 2994 qnod
667 2911 867 2994 febricitans,
892 2911 1007 2975 bibens
1029 2908 1071 2973 de
1089 2910 1167 2972 uino
1188 2904 1242 2970 vei

70 3027 164 3097 aqna,
197 3016 231 3076 iu
252 3033 315 3099 qua
349 3015 473 3100 aliquid
502 3015 545 3078 rie
572 3015 637 3078 iliis
661 3016 798 3098 ‘rupibus
828 3019 879 3079 ost
910 3015 1115 3100 impositum,
1128 3027 1130 3034 ⁴
1145 3029 1242 3097 quam

71 3121 181 3182 statim
202 3129 342 3184 sanetur.
374 3123 522 3204 Insuper,
544 3121 620 3184 dnm
641 3125 715 3206 quis
736 3123 838 3186 sentit
858 3123 976 3204 eapitis
997 3121 1149 3202 dolorem,
1171 3126 1244 3180 sta-

70 3219 128 3284 tim
150 3242 275 3288 oomam
296 3226 413 3309 eapitis
434 3224 545 3290 abradi
568 3227 662 3311 feeit,
694 3235 728 3291 et
744 3216 833 3312 'pilos
855 3228 989 3290 abrasos
1016 3226 1058 3288 ari
1090 3221 1244 3286 custodes

71 3329 180 3412 templi
201 3332 309 3414 mittit,
330 3339 366 3393 ut
384 3333 553 3413 imponant
573 3333 646 3396 loeo
675 3335 829 3396 inventae
852 3339 987 3394 sanotae
1008 3329 1123 3392 erneis.
1148 3321 1243 3401 Quod

73 3428 148 3498 dnm
171 3435 374 3520 factumest,
397 3447 531 3500 sarratnr
552 3437 674 3502 dolens.
719 3436 876 3500 Similiter
898 3435 1040 3515 faeiunt,
1072 3431 1147 3494 dnm
1169 3430 1243 3511 qnia

74 3534 214 3604 dentium
235 3541 377 3606 dolorem
401 3543 529 3625 patitur.
583 3543 677 3605 'iuno
698 3542 829 3604 barbam
857 3541 1006 3603 abrasam
1043 3539 1078 3598 in
1109 3551 1242 3617 specum

74 3645 213 3730 mittunt,
235 3656 270 3710 ut
291 3656 456 3712 sanentur.
502 3647 570 3730 Sia,
592 3649 648 3730 qni
670 3645 779 3708 rioient
800 3643 967 3728 pudenda,
990 3645 1088 3708 etiam
1111 3639 1242 3704 fooiunt.

74 3745 166 3814 Unde
194 3752 310 3824 aoeidit
322 3797 333 3833 ,
365 3751 452 3836 quod
480 3753 588 3816 omnia
621 3750 777 3814 foramina
805 3759 916 3833 petrae
948 3757 980 3813 et
1010 3749 1136 3831 rupium
1168 3753 1244 3809 sunt

74 3855 198 3937 repleta
225 3858 351 3940 barbis,
379 3857 480 3920 eomis
513 3865 546 3919 et
580 3856 664 3940 pitis.
737 3857 839 3918 Hune
876 3855 1043 3938 profanum
1074 3855 1170 3916 ritum
1203 3869 1246 3913 ex

76 3963 214 4047 antiquis
235 3963 416 4027 idololatris
437 3961 557 4028 aneos
587 3960 763 4024 devertisse
791 3978 885 4024 nemo
901 3959 1033 4026 dubitet.
1055 3959 1144 4024 Dicit
1161 3957 1245 4020 enim

76 4060 235 4133 Diodorus
262 4069 344 4131 libm
374 4069 405 4133 2.
439 4085 467 4130 e.
503 4069 536 4130 4.
566 4068 767 4153 antiquarum
799 4069 1023 4150 historiarum,
1060 4064 1144 4150 qnod
1170 4062 1245 4125 olim

75 4166 225 4256 Egyptti,
257 4182 335 4238 vota
357 4172 420 4236 diis
442 4173 598 4238 foetentes
627 4191 685 4257 pro
713 4175 966 4258 aegrotationum
1005 4170 1160 4234 evasione
1191 4166 1244 4229 vei

75 4279 247 4364 curatione,
281 4278 416 4362 eapilios
437 4281 575 4344 abrasos
602 4281 709 4343 aureis
742 4279 796 4342 vel
836 4277 999 4362 argenteis
1032 4273 1244 4356 imposuerint
