2608 4842
563 191 627 258 319

33 369 242 454 pepercit,
265 380 303 434 nt
322 371 460 438 hahetur
481 371 605 448 Genes.
633 373 711 458 η,
730 372 781 438 sic
814 372 973 438 Dominus
1007 373 1078 456 ipso
1106 371 1172 438 tilio

29 491 116 537 non
145 475 337 558 pepercit,
372 475 433 544 sod
460 496 533 542 eum
560 496 619 559 pro
649 479 743 542 ochis
774 477 923 542 omnibns
944 475 1084 542 tradidit.
1129 477 1173 542 Ut

10 583 106 639 etur
132 577 256 642 Rom.
279 580 369 643 vllt.
521 647 523 654 ,

36 683 162 744 quta
189 683 292 746 hanc
312 683 471 766 capellam
493 685 535 748 ah
557 695 652 750 extra
669 692 733 748 stat
754 701 820 748 ana
847 691 979 748 vetusta
1008 675 1177 768 (md)

10 804 49 851 oa·
76 785 288 870 olivarnm,
310 805 406 871 qaam
428 787 637 854 dieunt-esse
657 789 836 872 plantatam
870 791 906 854 in
934 807 972 853 ec
1004 789 1093 874 loeo,
1115 793 1172 856 nhi

10 909 44 954 es
70 890 268 958 haerebat
288 894 440 957 corallus
461 894 547 956 inter
566 911 707 978 vepres,
740 913 836 978 quem
865 891 978 958 ohtulit
1007 896 1173 962 Abraham

35 995 138 1080 filio,
162 1005 209 1060 ut
240 996 362 1063 dicitnr
389 999 471 1074 Gen
503 999 558 1062 ἢ.
598 999 645 1063 -ln
672 999 730 1062 illa
759 1017 837 1082 ergo
859 1015 959 1062 sacra
984 999 1111 1081 capella
1139 1000 1174 1063 in

10 1119 84 1164 :em
109 1117 188 1167 nos
215 1104 472 1186 prostravimus,
493 1111 529 1166 ct
550 1121 624 1166 com
655 1106 856 1168 orationihus
878 1104 1090 1187 praescriptis
1120 1103 1183 1166 in-·

10 1208 172 1288 gentias
218 1207 283 1290 (ᾧ)
312 1209 505 1290 recepimus.
554 1207 770 1292 mdulgenttts
798 1208 926 1290 adeptis
954 1207 1175 1273 convertimiu

10 1310 92 1373 tad
119 1311 426 1396 contemplandam
455 1314 602 1376 eximiam
629 1315 734 1396 ipsius
763 1313 916 1377 Abrahae
947 1313 1174 1394 obedientiam,

10 1417 134 1478 asine
159 1419 264 1480 omni
287 1417 541 1489 contradictione
566 1417 672 1484 voluit
699 1417 741 1481 ad
762 1419 891 1482 unicam
912 1418 1044 1482 Domini
1076 1435 1174 1500 prae-

10 1529 102 1600 )tnm
128 1540 173 1583 re
214 1521 285 1583 sibi
313 1522 483 1584 carissima
513 1541 647 1608 carere,
676 1532 709 1586 et
739 1525 994 1588 amantissimum
1024 1522 1174 1588 occidere

10 1643 34 1686 s
57 1628 226 1708 pscpriis
253 1627 413 1712 manibus,
434 1629 635 1710 unigenitum
646 1646 742 1692 suum
763 1630 827 1692 sibi
846 1628 1040 1692 miraculose
1060 1635 1173 1690 natum

29 1731 201 1816 legitima
218 1751 336 1816 uxore,
357 1733 410 1798 cui
430 1735 662 1816 promissiones
691 1733 800 1798 iactae
831 1733 969 1799 fuerant.
1021 1731 1066 1798 Et
1096 1749 1171 1794 cnm

10 1855 20 1896 s
43 1837 216 1900 omnihus
243 1837 417 1901 eratfilius
438 1839 554 1922 honus,
577 1847 725 1924 sanctus,
746 1839 971 1922 obsequiosicr
1013 1837 1172 1917 omuibus,

10 1939 127 2024 dehet,
153 1959 268 2004 sanus
299 1950 333 2004 et
355 1924 521 2004 innocens.
543 1942 571 2005 0
594 1944 691 2026 quale
706 1942 888 2024 exemplum
909 1943 1054 2018 virtutis,
1066 1948 1174 2002 mente

10 2049 156 2128 spicere
189 2047 270 2110 illos
296 2047 334 2109 in
350 2046 414 2110 hec
439 2046 511 2110 loco
543 2049 578 2108 in
608 2049 753 2128 practica
776 2047 841 2108 hac
861 2045 1054 2110 arduissima
1080 2043 1175 2108 laho-

10 2159 103 2212 ntes.
154 2150 334 2225 Abraham
355 2157 426 2214 erat
448 2169 563 2233 senex,
583 2153 678 2214 Isaac
695 2152 794 2218 XXV
816 2169 989 2234 annornm,
1019 2158 1053 2212 et
1082 2157 1175 2214 erent

10 2253 43 2317 di
65 2275 131 2338 per
155 2257 272 2324 omma
290 2255 386 2317 ambo
407 2255 477 2320 Dec
497 2275 612 2339 parere
633 2258 745 2340 parati.
797 2259 903 2338 Ecce,
938 2257 1043 2340 inquit
1069 2258 1174 2338 leuc,

10 2361 90 2424 mes
113 2377 185 2443 me,
202 2367 305 2441 pater,
327 2361 428 2424 lilium
443 2369 531 2425 tuum
553 2361 596 2427 ad
609 2371 731 2445 votem,
742 2363 869 2444 stringe
890 2379 1007 2424 manns
1025 2369 1060 2422 et
1073 2359 1175 2442 pedes

10 2482 82 2526 teos
105 2465 258 2548 funibus,
280 2465 429 2530 interfice
454 2485 527 2548 me,
554 2467 641 2530 sicut
672 2467 730 2530 tibi
757 2475 796 2528 ct
822 2466 893 2528 Deo
926 2473 1036 2530 nostro
1057 2465 1174 2547 placet.

10 2581 13 2616 t
45 2572 250 2654 peregrine,
290 2569 369 2654 quid
406 2579 475 2634 erat
508 2569 622 2637 videre
671 2571 892 2643 venerandum
933 2589 1047 2634 senem
1085 2569 1176 2634 illum

10 2673 139 2738 litando
164 2675 297 2740 fervore
318 2675 421 2758 ligare
441 2695 557 2740 manus
579 2687 611 2740 et
632 2677 735 2760 pedes
756 2677 830 2760 tilii,
844 2677 1072 2758 elevatumque
1094 2693 1176 2738 eva-

10 2780 140 2855 ‚inatum
162 2777 323 2864 gladium,
345 2789 381 2846 nt
400 2781 491 2846 illum
524 2783 703 2864 perimeret.
761 2781 789 2846 0
819 2781 962 2846 inaudite
993 2779 1177 2844 ohedientia

10 2884 101 2949 tetris
123 2892 160 2946 et
181 2885 260 2949 filii!
281 2885 309 2949 0
332 2886 559 2955 ardentissima
579 2889 912 2972 ntrinsqnevolnatas
928 2885 972 2950 ad
991 2887 1176 2968 obsequen-

10 2984 73 3048 tum
92 2987 188 3052 Deo!
229 2993 305 3054 Heu
328 2991 543 3056 confundatur
572 2993 646 3077 hic,
681 2993 952 3078 reprehendatur,
983 2993 1176 3076 corrigatur,

10 3091 190 3168 emendetur
231 3105 343 3160 nostro
385 3098 587 3180 tepidissima
636 3099 841 3182 ohedientia,
875 3097 1026 3162 admonet
1071 3097 1176 3178 nem,

10 3204 172 3262 certantur
206 3201 361 3286 praelati,
396 3203 536 3267 clamant
567 3207 763 3289 scriptanae,
795 3203 998 3287 experientia
1026 3209 1176 3284 testatur,

10 3308 78 3362 vota
97 3301 209 3388 ligant,
231 3307 381 3390 exempla
402 3308 541 3392 docent3
577 3317 610 3372 et
644 3319 754 3374 tamen
772 3310 904 3374 obedire
929 3308 1174 3372 eontemmmas.

10 3399 143 3469 sanctos
164 3427 243 3492 ergo
263 3413 463 3494 patriarches
481 3414 675 3478 invocemus
696 3415 729 3478 in
739 3415 803 3477 hcc
824 3412 1063 3496 loco‚ntdetnr
1082 3409 1177 3474 nobis

10 3512 107 3588 gratia
127 3530 149 3575 a
167 3513 250 3582 Dec.

40 3757 170 3858 Locus,
195 3763 256 3841 ubi
284 3765 442 3842 occurrit
460 3767 740 3848 Melchisedech
764 3761 935 3843 Abrahae
958 3783 1038 3838 cum
1059 3779 1154 3862 pane

508 3899 549 3967 et
571 3890 668 3968 vino.

94 4065 166 4130 lnde
205 4017 335 4152 egressi
367 4069 403 4134 in
434 4087 531 4134 unam
572 4022 666 4134 aliam
691 4069 847 4154 capellam
879 4085 984 4151 aeque
1011 4063 1180 4147 pulchram

26 4161 134 4232 indocti
144 4191 268 4258 mnas,
285 4193 372 4261 qnae
383 4177 418 4240 in
428 4177 502 4240 loeo
522 4175 581 4242 illo
600 4183 652 4240 est
667 4184 786 4260 erecta,
807 4177 841 4240 in
852 4193 919 4258 quo
936 4165 1180 4236 Melchisedech

28 4275 159 4344 sacerdos
180 4275 243 4348 Dei
264 4283 384 4375 summi
402 4283 584 4367 ot-primus
594 4279 848 4347 maecenatem
868 4269 1179 4348 Abrofflowtfflfle
