2644 4786
595 169 660 238 Ul

40 403 284 508 lesoriptio
313 403 445 484 montis
469 404 599 508 Gyen,
625 409 664 478 et
691 399 737 476 de
761 397 868 478 domo
891 399 976 478 mali
1002 395 1155 480 consilii.

39 587 41 598 ’
93 587 371 672 consequenter
407 587 448 652 (le
483 605 563 674 agro
595 581 799 649 Aeheldaara
824 583 1031 650 ascendimus
1061 594 1206 652 nentem

37 709 123 754 ‘ou
159 711 234 756 eum
262 711 382 778 magno
410 695 527 757 labore.
570 693 608 756 ln
630 691 703 775 ejus
723 690 849 753 vertloe
877 690 990 754 ruinae
1016 709 1205 776 magnorum

36 804 199 862 mo'rum
220 809 306 883 suut,
327 800 362 862 ln
383 801 500 884 quibus
522 799 623 862 ruinis
643 795 802 880 qirredam
823 794 985 860 domiollia
1005 795 1205 862 Sarraoeuo-

34 893 72 965 ἰι
115 912 216 969 sunt.
252 903 414 988 Tempore
442 904 550 968 David
572 903 662 986 regis
687 909 760 964 erat
777 901 813 964 in
832 897 889 964 illo
918 908 1029 966 moute
1061 911 1203 967 oestrum

34 1010 133 1090 ἦε,
172 1007 214 1071 ad
235 1011 357 1094 regiam
386 1013 553 1094 pertinens
579 1009 841 1092 possessiouem,
874 1012 909 1072 et
929 1006 992 1068 luit
1018 1005 1141 1070 direete
1161 1009 1228 1070 ex·

32 1117 185 1198 posito
219 1114 334 1178 domus
355 1115 480 1200 llovld,
513 1130 597 1198 qnae
620 1115 744 1178 eratin
761 1113 833 1176 aoie
850 1100 981 1175 'montis
1010 1109 1120 1194 syon,
1148 1109 1205 1176 ώί

37 1219 129 1284 die
158 1227 211 1283 est
238 1217 432 1284 Conventus
453 1221 606 1302 flatrum,
638 1227 671 1281 et
693 1227 756 1280 tam
777 1218 823 1282 iot
858 1232 955 1302 quant
982 1215 1059 1280 aliti
1094 1217 1225 1309 curias-

30 1327 146 1389 ὠπιίῐ
169 1343 208 1388 se
226 1325 317 1408 ipsas
338 1342 358 1386 e
377 1325 512 1408 regione
533 1324 755 1407 respicientes,
773 1331 807 1386 et
828 1323 982 1390 familiam
1004 1323 1039 1386 iu
1056 1329 1201 1404 utraque

28 1427 141 1492 ovid
169 1437 257 1512 ergo,
279 1437 315 1492 ut
335 1429 525 1495 habetare
548 1427 630 1512 leeg.
656 1430 696 1512 1.,
715 1426 813 1509 jussit
835 1428 1042 1492 Salomonem
1062 1428 1098 1494 in
1116 1425 1203 1492 mulo

27 1537 122 1618 >gis
147 1531 222 1598 duol
243 1533 277 1596 in
299 1534 413 1617 (lyon,
435 1543 468 1598 ot
489 1534 533 1598 ibi
554 1552 649 1597 omne
670 1535 767 1596 rotor
788 1537 952 1600 exereitus
974 1551 1047 1596 eum
1079 1549 1202 1616 sequo-

26 1651 137 1724 atur‚
158 1649 191 1704 et
210 1640 406 1703 inunxerunt
426 1657 500 1704 eum
520 1625 554 1703 lu
574 1657 686 1722 regem
704 1657 803 1722 super
819 1641 930 1724 lsrael,
946 1651 982 1705 et
1003 1639 1200 1724 elangebant

25 1747 138 1830 ubire,
162 1755 195 1808 et
217 1747 404 1810 clamabant
421 1748 576 1812 vooiousr
607 1748 702 1810 uvat
722 1745 806 1810 liex.
841 1749 915 1809 Hoo
934 1746 1042 1810 Dauid
1062 1744 1200 1808 audieus

24 1873 39 1915 ι
74 1849 183 1935 Syon
196 1849 322 1912 leotolo
344 1849 540 1920 decumbens
562 1849 703 1933 resedit,
725 1851 805 1914 dieit
825 1852 1009 1935 Joseplrus,
1030 1860 1064 1913 et
1084 1849 1200 1914 Domi-

22 1975 107 2019 ,um
132 1953 296 2036 adoravit3
330 1963 439 2036 potest
458 1959 545 2018 enim
574 1973 641 2018 vox
670 1955 867 2038 clangentis.
880 1965 937 2018 aut
969 1957 1143 2020 elementis
1164 1959 1199 2017 in

21 2061 131 2144 iy'on
162 2055 264 2119 audiri
294 2058 328 2120 in
350 2057 451 2141 Syon.
497 2058 564 2121 Sed
587 2069 620 2120 et
648 2057 811 2141 Adouias,
833 2060 936 2144 Joah,
973 2067 1007 2122 et
1027 2056 1144 2139 reliqui
1165 2055 1198 2116 in

20 2164 188 2228 :onvivio
209 2161 364 2225 sedentes
381 2161 475 2244 juxta
497 2163 619 2225 fontem
641 2162 766 2248 Rogel,
795 2175 829 2229 et
852 2166 951 2249 juxta
972 2162 1111 2246 lapidem
1133 2161 1199 2224 So·

19 2267 161 2352 releth,
192 2266 344 2332 volentes
377 2265 542 2332 Adonianr
583 2285 664 2334 esse
690 2285 818 2350 regem,
855 2283 970 2330 voees·
985 2269 1132 2333 tubarum
1164 2269 1198 2328 in

18 2375 132 2458 Gyon
154 2371 357 2453 audiverunt,
380 2380 412 2434 ot
433 2372 594 2455 perterriti
614 2372 778 2436 intellecta
793 2372 935 2434 veritate
962 2371 1100 2456 dispersi
1121 2381 1199 2434 sunt

18 2483 67 2542 ab
93 2481 253 2541 invicem.
276 2477 379 2539 Erant
391 2479 484 2540 'euim
508 2478 541 2540 in
563 2475 647 2560 pede
672 2475 927 2559 montisssssyom
962 2478 996 2540 in
1016 2477 1104 2540 valle
1125 2495 1199 2540 um-

18 2586 147 2664 brosa,
168 2582 229 2644 sub
255 2581 342 2644 valle
362 2581 524 2666 Josaplrat
547 2591 579 2644 et
600 2581 706 2665 siloe,
736 2589 770 2644 et
789 2582 834 2656 ilrl
866 2590 957 2646 erent
983 2582 1085 2664 horti,
1113 2583 1199 2645 sient

18 2689 129 2754 hodie
149 2695 236 2768 sunt,
258 2694 292 2748 et
312 2703 406 2770 aqua,
429 2689 514 2750 slent
536 2687 642 2752 adhue
663 2689 738 2750 fons
760 2694 811 2750 est
829 2689 886 2772 ibi,
907 2696 939 2750 et
961 2687 1045 2770 lapis
1067 2687 1197 2771 qnidam

21 2811 185 2875 magnus,
204 2810 303 2874 quem
321 2792 462 2884 juvenes
482 2793 635 2858 levabant
668 2802 830 2859 tentantes
852 2792 1073 2858 fortitudinem
1092 2811 1197 2876 suam,

24 2916 117 2980 quae
139 2896 307 2960 dicebatur
326 2895 478 2980 Suhelet,
500 2907 533 2962 et
554 2903 624 2962 eret
645 2899 737 2964 loeus
767 2914 942 2981 amoenus,
961 2901 996 2962 in
1014 2915 1079 2982 quo
1098 2916 1198 2981 prae-

24 3009 201 3086 paraverat
221 3000 367 3066 Adortias
401 3003 598 3073 eonvivium.
640 3002 708 3068 Sed
737 3004 858 3070 auditis
878 3005 1015 3070 vooibus
1046 3002 1197 3088 supernis

26 3109 67 3170 in
89 3115 211 3174 monte:
245 3107 338 3172 vivat
358 3127 433 3193 ren,
455 3107 656 3174 destructum
676 3110 735 3174 luit
756 3129 851 3176 suum
871 3111 1057 3193 eonsilium,
1078 3118 1113 3173 nt
1134 3109 1196 3172 ha·-

31 3217 129 3276 betur
150 3211 194 3276 ibi
215 3227 323 3294 supra

114 3317 239 3380 Domus
260 3314 359 3398 (lyon
380 3325 525 3400 tmpore
545 3317 667 3386 Christi
694 3328 764 3383 erat
791 3318 956 3402 pontillois
977 3325 1010 3378 et
1038 3313 1195 3380 sacordo-

31 3427 116 3502 tum,
138 3429 174 3482 et
194 3418 323 3502 qnando
345 3419 500 3487 volebant
520 3422 629 3506 eliqua
653 3425 874 3487 secretissima
894 3429 1051 3504 tractare,
1072 3423 1195 3486 transl-

33 3526 109 3590 bant
127 3527 161 3588 in
184 3543 270 3608 eam,
293 3529 335 3588 et·
348 3525 410 3595 fuit
429 3526 544 3592 domus
563 3535 761 3592 seoretorom
787 3525 1006 3590 eonsilioruat.
1050 3527 1089 3592 In
1109 3525 1195 3592 hano

36 3627 234 3710 collegerunt
261 3629 431 3712 pontillees
451 3637 487 3694 et
506 3630 675 3698 Pharisaei
705 3629 892 3713 eonsilium,
919 3630 1083 3696 dieentes:
1116 3631 1193 3717 qui'rl

37 3729 194 3798 laoimns‘l
228 3737 307 3816 quia
331 3735 387 3798 hio
410 3737 505 3800 hemo
533 3745 614 3819 eto,
635 3744 671 3799 ut
691 3737 828 3802 habetur
847 3737 922 3800 Joh.
946 3737 985 3800 ll.
1029 3736 1194 3804 Conclusa

37 3855 110 3920 ergo
129 3837 189 3904 ort
213 3841 248 3900 n
275 3840 339 3904 hoo
359 3839 432 3904 1000
462 3857 551 3908 mors
582 3839 714 3907 conso.
757 3841 795 3906 In
826 3843 889 3910 rae
919 3841 1012 3908 roma
1041 3825 1209 3926 aaron?

38 3941 116 4026 quod
144 3941 263 4008 Judaei
299 3941 561 4010 deliberaverunt
591 3963 630 4012 se
668 3965 831 4030 opponere
865 3947 1022 4014 marmio
1054 3950 1128 4014 'lito
1159 3955 1192 4012 et

39 4047 253 4134 Vespasian03
286 4047 373 4116 uude
404 4057 439 4112 et
465 4049 697 4136 Hierosolyma
725 4052 787 4120 tuit
818 4051 995 4124 destruere.
1038 4053 1078 4118 Et
1110 4053 1192 4116 ferte

40 4157 70 4216 ln
86 4153 137 4218 illa
157 4153 251 4220 domo
271 4155 399 4220 tuorum
420 4155 570 4240 Anealdi
589 4157 759 4242 flageltau',
781 4169 817 4224 ut
841 4161 978 4225 habetur
1000 4160 1114 4220 Aetor.
1133 4153 1190 4238 V„
1281 4199 1282 4204 κ

42 4257 108 4342 quir
129 4259 242 4364 aeden
278 4259 456 4345 regemne
483 4274 553 4330 erat
584 4271 706 4328 tanturn
738 4281 845 4355 eoram
880 4264 1081 4342 mattos,
1114 4262 1190 4346 quia
