2596 4788
507 101 810 183 ‚³²23,

0 295 113 360 no,
144 288 197 342 et
226 261 434 370 aperturam
456 271 624 344 malurn
646 280 787 364 radunt,
817 300 876 364 por
893 298 991 366 ortam
1020 279 1131 344 lumen
1152 290 1212 365 per

0 402 69 446 »m
113 371 330 468 templum
359 371 542 468 spargitur,
574 391 608 446 et
638 384 759 448 directe
778 385 839 448 sub
860 389 933 469 ipsa
962 394 1116 468 apertura
1140 393 1211 453 stat

0 512 3 542 ι
32 495 277 552 umentum
300 489 420 554 domiui
440 490 621 572 expositum
642 490 726 554 ooeli
747 491 1021 574 impressionibus
1053 491 1097 556 Ut
1119 499 1211 574 patet

1 610 71 673 ¹ro.
102 591 182 657 fol.
218 591 313 657 127.
338 594 380 656 A.
412 596 510 678 lpsae
532 602 639 656 autem
658 597 768 659 trabes
789 605 821 659 ot
843 613 974 660 asseras
999 595 1037 658 ab
1056 593 1212 660 exteriori

14 707 60 760 te
89 717 260 765 versus
299 697 426 760 ooolum
455 705 532 760 sunt
562 699 693 781 plumbo
725 704 824 784 teeti,
857 700 994 764 interius
1022 715 1103 763 voro
1131 709 1211 768 sunt

7 801 105 866 ioli
132 803 354 888 eoloribus7
373 803 515 885 parietes
536 822 615 866 vero
637 806 698 868 sub
720 811 806 868 teoto
827 813 859 868 et
879 807 941 869 sub
961 821 1057 866 arona
1073 803 1210 868 suatda

1 923 77 968 ere
109 904 324 993 musaico,
347 907 467 991 depieti
488 926 561 971 onm
582 908 697 991 liguris
718 911 796 1000 novi
817 910 1012 990 testamenti,
1032 907 1092 972 aad
1111 925 1211 991 prop-

1 1031 14 1072 r
53 1019 316 1077 vetustatem
347 1014 430 1096 perit
462 1012 519 1076 illa
551 1015 787 1095 pretiosissima
816 1013 939 1098 figura,
974 1030 1041 1076 neo
1074 1014 1212 1098 estqui

0 1156 2 1159 v
32 1115 199 1178 identia
241 1126 400 1182 renovet.
449 1118 514 1179 Per
544 1119 714 1180 circuitum
747 1119 835 1183 illius
863 1119 1025 1184 eeclesiae
1056 1115 1213 1182 rotuutha

4 1231 57 1286 nu
90 1221 253 1288 multae
282 1221 449 1306 capellae,
471 1231 507 1284 ut
525 1225 629 1304 patuit
645 1225 679 1286 iu
700 1227 919 1308 processione
947 1227 986 1288 ln
1011 1223 1085 1304 ejus
1106 1222 1212 1288 modio

0 1334 29 1388 >t
55 1335 357 1388 monumentum
390 1325 592 1389 dominicum.
634 1328 689 1390 Ad
710 1331 866 1392 orientem
901 1329 973 1412 ejus
1003 1335 1057 1391 est
1091 1329 1212 1392 abortu

4 1449 145 1514 tagnus
174 1441 217 1494 et
251 1430 412 1515 pulcher,
450 1429 491 1492 ad
513 1450 608 1514 quem
639 1432 761 1496 directe
793 1434 926 1517 respicit
959 1433 1078 1496 ostium
1105 1434 1212 1496 saneti

2 1537 199 1622 epulehri,
239 1547 281 1600 et
305 1541 372 1598 stat
394 1537 512 1599 ostium
534 1543 649 1599 eontra
676 1538 805 1600 ostium.
848 1539 887 1600 In
907 1538 1015 1601 medio
1048 1538 1138 1600 altori
1159 1545 1211 1600 ast

6 1641 206 1706 otunditatr
233 1658 361 1724 magna
374 1645 409 1703 et
429 1639 504 1723 alta,
521 1660 650 1704 sorsum
666 1649 826 1705 oamerata
843 1651 878 1704 et
895 1642 1094 1706 testudinata
1110 1659 1211 1724 snpra

6 1763 135 1832 noum,
160 1746 232 1810 ubi
258 1753 315 1808 est
337 1745 446 1808 muudi
466 1745 624 1832 medium,
656 1751 690 1809 in
710 1747 806 1830 eujus
837 1749 1026 1812 munitate
1050 1745 1094 1810 ad
1113 1755 1210 1810 extra

7 1859 54 1914 ast
81 1867 291 1934 aseensus,
324 1850 379 1913 ubi
406 1850 536 1915 videtur
555 1853 812 1934 inexperientia
840 1854 886 1915 ibi
906 1869 986 1914 osu
1007 1849 1117 1914 mundi
1138 1870 1211 1913 nre-

7 1955 116 2037 lium,
139 1963 185 2018 ut
209 1953 286 2018 dixi
306 1973 405 2037 supra
422 1955 476 2017 fol.
501 1955 571 2020 tta.
591 1959 631 2020 B.
666 1955 808 2018 Chornm
827 1955 919 2017 illum
942 1953 1066 2018 Graeci
1088 1961 1211 2038 tenent,

9 2068 43 2123 et
61 2058 174 2140 juxta
201 2059 312 2120 altare
333 2067 386 2138 est
407 2057 505 2121 sodes
523 2059 746 2143 patriarchalis
768 2077 963 2140 marmorea,
986 2059 1020 2121 in
1041 2075 1107 2143 qna
1125 2060 1212 2122 anti·

12 2164 206 2246 quissimis
241 2162 360 2224 littoris
389 2161 500 2226 latinis
526 2175 577 2228 est
608 2167 780 2248 seriptum:
814 2162 1013 2226 Cruoifixunr
1048 2165 1082 2226 iu
1112 2183 1212 2227 earne

14 2267 200 2352 laudate,
216 2277 253 2334 et
279 2265 440 2349 sepultum
463 2276 595 2354 proptor
621 2287 681 2332 nos
702 2269 901 2352 glorificate,
921 2279 1213 2353 resurgentemque

23 2389 46 2434 a
68 2373 223 2446 mortuis¹
251 2371 396 2434 adorate.
449 2371 556 2456 Super
590 2374 695 2436 looum
723 2393 819 2458 vero,
853 2375 909 2435 ubi
935 2392 1016 2435 crux
1043 2375 1111 2436 lixa
1142 2373 1213 2456 tuit,

26 2476 209 2557 scripturn⁸
226 2495 305 2540 ease
324 2476 400 2543 dioit
419 2477 582 2560 Magister
611 2480 645 2539 in
666 2475 796 2560 Speoul.
819 2477 893 2541 hist.
916 2479 982 2541 sio:
1005 2496 1024 2541 o
1044 2479 1164 2560 Thoos,
1183 2479 1211 2542 i.

33 2581 185 2650 eDenS.
209 2583 364 2646 Basileus
385 2584 471 2646 imon
491 2584 513 2652 ι’.
536 2603 564 2645 o.
588 2601 647 2646 rex
667 2592 785 2646 noster.
810 2583 874 2646 l’ro
894 2600 1030 2646 aeonon.
1052 2584 1115 2646 be.
1138 2594 1214 2646 atto

33 2688 182 2750 saecula.
217 2687 364 2772 Ergone,
385 2689 406 2752 i.
432 2707 460 2752 e.
483 2697 637 2772 operatus
655 2697 723 2771 est,
747 2689 831 2750 feeit.
864 2687 1045 2772 Sophias'a
1070 2707 1098 2749 e.
1120 2687 1213 2750 salu-

39 2795 118 2852 tem.
160 2793 217 2854 En
249 2810 339 2856 meso
371 2791 394 2860 i.
425 2793 456 2854 e.
489 2792 522 2856 in
544 2787 658 2857 medio.
703 2794 813 2876 'l'isgis
833 2793 853 2856 i.
876 2813 905 2855 a.
925 2803 1039 2857 terrae.
1082 2795 1124 2855 ln
1148 2793 1214 2856 bae

42 2895 188 2958 eeclesia
209 2904 287 2960 snut
314 2914 412 2980 supra
432 2905 467 2960 et
490 2899 591 2982 inira,
614 2907 706 2961 extra
728 2907 762 2961 et
785 2897 885 2980 intra,
916 2897 1037 2961 multuo
1065 2897 1212 2981 capellae

46 3001 283 3086 prophanatae,
303 3002 336 3065 iu
357 3004 474 3086 quibus
495 3003 569 3067 olim
591 3003 746 3067 ardebant
774 3001 957 3087 lampades,
988 3011 1021 3065 et
1043 3001 1213 3086 fulgebant

47 3121 122 3166 auro
144 3106 259 3170 altaria
293 3115 327 3170 et
347 3108 459 3172 vitreis
491 3109 654 3172 ferrestrIs.
698 3107 767 3172 Sed
797 3125 883 3171 nuno
903 3105 1071 3190 lampades
1092 3105 1212 3189 nullae,

52 3207 162 3274 altaria
183 3211 304 3296 diruta,
336 3222 370 3275 et
400 3214 566 3279 fenestrae
592 3217 778 3278 obstructae
799 3224 832 3278 et
852 3211 1015 3296 lapidibus
1035 3213 1212 3276 obturatae.

51 3309 152 3396 Major
173 3319 257 3380 enim
280 3336 356 3400 pars
378 3318 592 3384 fenestrarum
615 3303 781 3383 obstrueta
801 3327 852 3380 est
864 3317 1038 3398 lapidibus,
1051 3322 1086 3377 et
1106 3315 1217 3376 omnia

55 3419 135 3510 ostia
153 3423 299 3485 obturata
319 3433 396 3486 aunt
417 3425 524 3488 demto
544 3443 620 3506 uno,
646 3419 739 3504 eujus
761 3421 873 3484 claves
892 3419 1065 3482 Sarraceoi
1085 3417 1215 3502 haban,

57 3525 111 3600 per
140 3523 296 3608 qualest
328 3525 508 3612 ingressus.
547 3527 603 3590 Ad
625 3524 856 3589 occidentalem
883 3534 1007 3606 partem
1027 3521 1214 3588 noenffitur

61 3643 116 3703 per
144 3630 261 3710 gradus
283 3631 325 3693 ad
346 3629 507 3714 quoddam
539 3631 658 3695 ostium
690 3627 815 3692 fortiter
846 3627 1095 3713 olausnrn‚'per
1126 3628 1213 3713 quod

62 3728 161 3792 blaria
180 3736 372 3818 aegyptiaca
391 3738 568 3799 conabatur
589 3735 731 3819 ingredi,
754 3733 813 3798 sed
835 3733 965 3816 repulsa
984 3735 1045 3796 tuit
1056 3781 1068 3818 ‚
1088 3751 1213 3819 queas·

45 3849 122 3914 ⁸(luo
141 3854 176 3899 sa
196 3838 436 3902 emendaturam
462 3839 611 3923 devovit,
634 3848 669 3902 ut
690 3849 779 3922 patet
804 3839 838 3902 iu
860 3841 936 3902 vitis
955 3846 1082 3923 patrum
1111 3841 1210 3902 olore.

71 3933 130 4018 (ll)
148 3939 282 4027 Propter
299 3939 510 4007 fenestrarum
526 3955 558 4008 et
575 3946 727 4009 ostiorum
749 3946 981 4008 obturationem
1003 3953 1054 4006 est
1070 3945 1214 4008 eeclesia

71 4045 231 4130 tenebrosa,
253 4049 311 4112 sed
332 4053 552 4132 pavimentum
575 4052 672 4113 totins
694 4049 854 4114 eeclesiae
875 4059 925 4113 est
946 4051 1095 4133 aequale,
1115 4057 1151 4110 et
1172 4047 1214 4110 de

77 4143 154 4218 lolito
181 4173 351 4239 marmore,
384 4153 447 4238 ita,
483 4156 568 4239 quod
597 4159 693 4220 etiam
714 4158 748 4218 in
770 4156 913 4218 tenebris
943 4153 1113 4216 ambulans
1149 4171 1215 4216 non
