2792 4778
710 167 774 235 litt

163 360 250 450 quod
274 353 330 422 ills
350 373 444 440 pers,
478 370 564 438 quse
588 353 654 418 iem
680 354 773 414 mous
790 347 917 415 dicitur
933 345 1179 432 Acheldemelr,
1201 353 1331 430 propter

163 483 276 549 ugrum
298 469 400 527 tetum
422 459 498 524 elim
519 474 613 522 mons
636 451 733 540 Gyen
756 457 801 519 sit
820 455 1001 538 appellem,
1032 463 1126 518 mons
1148 451 1280 517 seilicet
1299 461 1331 515 et

162 569 329 636 accubitus
351 566 479 647 montis,
500 566 586 628 siem
606 561 743 644 contigit
759 579 832 628 cum
847 558 1066 644 monteSyon,
1088 565 1122 622 et
1138 575 1213 622 cum
1223 567 1332 622 monte

163 675 346 758 Calvariee,
368 681 405 736 ut
426 668 512 754 dixi,
533 677 565 732 et
587 685 660 732 cunr
678 675 787 730 monte
798 663 920 750 Syriai,
950 674 1077 729 etcum
1098 673 1208 729 moute
1229 661 1333 746 0reb3

161 798 236 846 num
263 794 340 864 pers
368 775 501 841 inferior
527 772 645 836 dieitur
678 791 772 836 mous
803 771 925 856 Synui,
952 770 1102 854 superior
1131 789 1210 835 vere
1238 785 1336 832 mons

126 919 132 930 ·
162 879 271 964 0reb3
295 889 327 944 et
349 897 423 944 cum
446 887 555 942 moute
576 877 707 963 otioso,
729 878 763 942 in
784 894 848 962 qno
873 893 951 962 pers
971 877 1104 940 inferior
1125 875 1167 939 ed
1188 883 1335 940 austrum

162 985 280 1050 dicitur
300 1001 393 1048 mons
419 983 627 1066 offersionis,
659 993 692 1046 et
713 1001 790 1066 pers
817 984 963 1065 superior
985 1001 1077 1045 mons
1100 980 1230 1044 oliveti.
1275 978 1339 1042 Sic

163 1107 258 1161 ruens
279 1089 335 1153 ille
357 1109 377 1153 e
405 1089 492 1155 velle
512 1107 619 1172 usque
639 1089 681 1152 ed
703 1103 816 1172 agrum
845 1089 963 1152 dieitur
983 1103 1077 1150 mons
1099 1083 1338 1170 Acheldemch,

164 1195 205 1260 ab
224 1213 302 1278 egro
324 1197 453 1259 sursum
465 1194 583 1259 dieitur
603 1211 695 1258 meris
708 1195 813 1287 Gyen.
829 1201 833 1208 '
856 1192 1077 1256 Ascendimus
1094 1209 1176 1274 erge
1191 1197 1339 1253 mentem

165 1300 390 1364 Acheldumeh
410 1319 469 1383 per
490 1300 609 1364 olivum
631 1299 850 1383 praeeipitem,
873 1306 906 1360 et
927 1317 985 1382 per
1006 1295 1158 1379 scopulus
1180 1303 1213 1357 et
1233 1311 1340 1378 rupes

164 1423 224 1468 nos
246 1419 375 1469 sursum
397 1405 571 1487 traximus,
606 1414 639 1466 et
670 1405 704 1467 in
725 1405 838 1467 hortos
859 1403 1004 1485 ficorum,
1027 1401 1340 1484 mologranatorum,

164 1518 198 1572 et
227 1506 361 1574 eliorum
391 1527 558 1592 pomorum
586 1511 748 1578 venimus.
780 1510 840 1572 'lu
867 1509 919 1572 hie
939 1489 1056 1571 nortis
1085 1513 1179 1569 erent
1210 1504 1341 1567 multae

85 1673 87 1680 .
165 1632 272 1696 rupes,
293 1611 414 1676 elevati
435 1615 469 1678 in
490 1613 602 1697 altum,
625 1623 658 1676 et
679 1616 822 1697 parietes
842 1621 1028 1697 petrarum,
1047 1613 1082 1676 in
1099 1611 1219 1695 unibus
1242 1617 1342 1673 erent

165 1719 290 1781 lucisne
301 1717 487 1803 speluncae,
501 1715 677 1804 simplices,
693 1717 849 1802 duplices,
871 1719 1026 1802 triplices,
1042 1727 1074 1780 et
1087 1715 1341 1800 quudmpliccs5

166 1823 346 1908 dequibus
376 1823 454 1893 dixi.
477 1823 531 1888 iol.
555 1824 626 1888 12⁴.
648 1825 689 1890 B.
729 1825 802 1886 Has
824 1841 922 1906 rupes
943 1829 977 1886 et
996 1805 1108 1904 petius
1130 1821 1254 1905 antiqui
1276 1839 1342 1902 pro

165 1931 237 1994 suis
257 1929 434 2015 sepulturis
456 1930 662 2016 exciderunt,
690 1931 775 1993 sicut
794 1929 864 1992 dixi
885 1927 939 2010 lul,
969 1926 1041 1992 157.
1064 1927 1105 1989 A.
1148 1927 1191 1990 lut
1217 1933 1343 2010 postes

44 2039 48 2046 '
166 2044 315 2120 tempore.
339 2035 596 2101 Christianorum
628 2036 778 2098 homines
810 2023 920 2109 terroe
954 2043 1089 2098 sanetae
1122 2030 1232 2122 effecti
1272 2030 1343 2094 sibi

167 2157 326 2204 cavernas
362 2138 436 2202 illus
474 2159 532 2222 pro
572 2139 766 2204 habitaculis
800 2140 989 2222 elegerunt,
1021 2138 1169 2201 uolentes
1201 2137 1267 2198 uisi
1303 2140 1342 2200 in

166 2245 348 2329 sepulchris
368 2244 530 2336 habiture,
552 2253 588 2306 ut
615 2234 674 2308 ibl
686 2263 760 2308 cum
784 2242 902 2328 gaudio
929 2250 1065 2307 mortem
1095 2250 1342 2326 exspectarent.

166 2351 209 2416 nt
237 2349 366 2436 quondo
397 2349 515 2432 uliquis
546 2348 589 2411 de
616 2352 763 2447 antiquis
787 2351 913 2419 sanctis
942 2349 1061 2432 potuit
1076 2350 1140 2414 sibi
1166 2348 1342 2430 acquirere

165 2456 383 2522 habitaculum
394 2454 502 2520 tuleiu
512 2463 600 2519 terre
616 2465 740 2538 sancte,
751 2457 886 2538 putabet
901 2475 939 2518 se
949 2455 1163 2518 thesaurum
1152 2454 1339 2523 invenisse

165 2561 261 2626 Unde
282 2561 323 2625 de
344 2561 415 2630 illis
426 2559 503 2623 Job.
524 2560 556 2624 3.
579 2559 735 2624 dicitur:
730 2563 833 2644 qussi
855 2563 911 2646 qui
932 2560 1113 2626 effoderunt
1133 2562 1340 2646 thesaurum,

166 2671 216 2730 sic
237 2665 378 2749 gaudent
399 2663 618 2749 vehementer,
638 2685 711 2728 oum
734 2669 918 2732 invenerint
938 2667 1154 2753 sepulchrum.
1198 2664 1253 2728 Ad
1276 2665 1342 2728 hes

167 2789 327 2835 cuvernes
349 2769 563 2850 confugerunt
572 2771 731 2854 Apostoli,
757 2773 831 2835 dum
849 2793 873 2836 e
889 2773 1026 2842 Domino
1045 2771 1088 2837 de
1107 2775 1199 2835 horto
1221 2787 1344 2834 reces-

168 2884 297 2958 serunt,
329 2871 459 2957 queudd
489 2874 610 2958 lignus
637 2877 823 2941 trelrebotur
852 2880 895 2943 sd
916 2880 1096 2962 episcopos.
1139 2877 1343 2960 Magistrum

165 2979 254 3042 enim
286 2986 351 3040 tem
384 2977 511 3042 dulcem
540 2979 693 3043 tererem
713 2989 781 3048 eret
795 2985 850 3051 eis
880 2983 1101 3066 intolenbile,
1129 2983 1225 3067 sequi
1251 3001 1342 3046 vere

167 3081 383 3168 impossibile,
416 3093 576 3146 necerat
607 3085 710 3170 optior
736 3088 887 3152 menendi
918 3088 1029 3172 locus,
1061 3088 1125 3150 uisi
1153 3085 1342 3164 subterra,

162 3203 310 3254 coverne
330 3185 484 3270 obscure3
512 3191 711 3270 queerettent
724 3194 809 3256 enim
830 3194 865 3256 iu
883 3191 965 3276 ipsis
976 3193 1344 3276 speluncispcnetrere

166 3291 359 3382 profundius
378 3305 485 3374 usque
505 3291 547 3354 ed
565 3277 756 3377 intercessi
776 3299 930 3378 possibile
943 3305 1045 3381 esset,
1067 3306 1175 3367 terroe
1192 3295 1343 3376 viscere,

168 3405 205 3461 ut
226 3397 334 3460 saltim
354 3397 400 3460 ibi
420 3399 569 3462 invenire
590 3411 725 3480 possent
746 3403 847 3466 ultius
860 3398 1153 3486 gemendi,·lleudi,
1170 3399 1345 3462 clamandi

169 3511 202 3565 et
221 3501 367 3568 ululandi
387 3502 502 3566 locum.
546 3504 585 3565 lu
607 3507 738 3595 orificiis
749 3507 908 3591 siquidem
922 3525 1134 3588 cavernarum
1149 3505 1344 3569 consisten-

168 3613 221 3668 tes
252 3623 318 3668 non
351 3604 511 3672 audebunt
545 3607 630 3674 ulios
662 3611 801 3695 ejulatus
838 3622 872 3679 et
904 3613 1063 3694 clamores
1094 3611 1258 3692 emittere,
1297 3628 1345 3674 ue

168 3708 373 3795 audiremur,
414 3713 474 3776 sed
512 3715 547 3776 iu
582 3725 717 3797 pectene
750 3725 906 3802 quantum
944 3717 1113 3799 ostensor,
1151 3714 1345 3780 retinebunt

102 3821 109 3838 ⁶
168 3814 341 3878 clamorem
370 3833 443 3894 cum
474 3816 595 3882 dolore.
644 3821 688 3886 Et
716 3820 797 3886 aneo
834 3823 905 3906 ipro
933 3831 1067 3905 pectere
1094 3821 1219 3904 replete
1243 3828 1343 3882 erunt

168 3938 323 4004 moerore,
346 3929 379 3984 et
398 3927 540 4006 gutture,
561 3921 678 4004 iactes,
696 3923 805 4005 capite
825 3922 892 3986 effi
908 3928 1183 4008 intumescebant,
1203 3942 1261 3989 ore
1276 3939 1344 3988 sue

168 4024 373 4088 vestimentis
393 4025 621 4103 obstruebant,
649 4043 695 4090 ue
722 4024 861 4110 gemitus
890 4039 1099 4114 erumpentes
1115 4031 1247 4094 eminus
1276 4047 1344 4092 au-

168 4127 322 4193 direntur.
366 4127 404 4189 ln
424 4127 487 4191 hoc
503 4145 583 4212 ergo
593 4147 687 4195 sucro
701 4131 772 4196 loco
789 4151 861 4196 cum
873 4138 1099 4218 compassione
1114 4135 1344 4218 processimus

169 4230 210 4292 de
231 4249 372 4295 coveme
394 4233 426 4294 in
449 4248 633 4316 cuvernam,
653 4233 860 4320 dispersique
876 4253 991 4300 sumes
1005 4255 1071 4344 per
1091 4247 1193 4321 ιιιιιι,
1214 4247 1248 4302 et
1263 4239 1345 4306 loce
