<?xml version="1.0" encoding="UTF-8"?>
<!DOCTYPE html PUBLIC "-//W3C//DTD XHTML 1.0 Transitional//EN"
    "http://www.w3.org/TR/xhtml1/DTD/xhtml1-transitional.dtd">
<html xmlns="http://www.w3.org/1999/xhtml" xml:lang="en" lang="en">
 <head>
  <title>
</title>
<meta http-equiv="Content-Type" content="text/html;charset=utf-8" />
  <meta name='ocr-system' content='tesseract 3.04.00' />
  <meta name='ocr-capabilities' content='ocr_page ocr_carea ocr_par ocr_line ocrx_word'/>
</head>
<body>
  <div class='ocr_page' id='page_1' title='image "./fratrisfelicisf01fabrgoog_0495.png"; bbox 0 0 2644 4786; ppageno 0'>
   <div class='ocr_carea' id='block_1_1' title="bbox 677 145 741 209">
    <p class='ocr_par' dir='ltr' id='par_1_1' title="bbox 677 145 741 209">
     <span class='ocr_line' id='line_1_1' title="bbox 677 145 741 209; baseline 0 0"><span class='ocrx_word' id='word_1_1' title='bbox 677 145 741 209; x_wconf 76' lang='lat' dir='ltr'><strong>tud</strong></span> 
     </span>
    </p>
   </div>
   <div class='ocr_carea' id='block_1_2' title="bbox 116 323 1306 4078">
    <p class='ocr_par' dir='ltr' id='par_1_2' title="bbox 116 323 1306 4078">
     <span class='ocr_line' id='line_1_2' title="bbox 127 323 1267 414; baseline -0.007 -17"><span class='ocrx_word' id='word_1_2' title='bbox 127 334 253 414; x_wconf 87' lang='lat' dir='ltr'><strong>aeceplt</strong></span> <span class='ocrx_word' id='word_1_3' title='bbox 274 327 382 412; x_wconf 77' lang='lat' dir='ltr'><strong>nutu,</strong></span> <span class='ocrx_word' id='word_1_4' title='bbox 405 323 632 407; x_wconf 71' lang='lat' dir='ltr'><strong>Moabitidem,</strong></span> <span class='ocrx_word' id='word_1_5' title='bbox 660 342 744 409; x_wconf 88' lang='lat' dir='ltr'><strong>quae</strong></span> <span class='ocrx_word' id='word_1_6' title='bbox 776 329 809 388; x_wconf 90' lang='lat' dir='ltr'><strong>in</strong></span> <span class='ocrx_word' id='word_1_7' title='bbox 844 343 946 408; x_wconf 90' lang='lat' dir='ltr'><strong>specu</strong></span> <span class='ocrx_word' id='word_1_8' title='bbox 977 325 1036 389; x_wconf 91' lang='lat' dir='ltr'><strong>illo</strong></span> <span class='ocrx_word' id='word_1_9' title='bbox 1063 332 1177 410; x_wconf 79' lang='lat' dir='ltr'><strong>genuit</strong></span> <span class='ocrx_word' id='word_1_10' title='bbox 1194 327 1267 410; x_wconf 75' lang='lat' dir='ltr'><strong>(llud</strong></span> 
     </span>
     <span class='ocr_line' id='line_1_3' title="bbox 127 431 1269 518; baseline -0.004 -16"><span class='ocrx_word' id='word_1_11' title='bbox 127 435 221 517; x_wconf 84' lang='lat' dir='ltr'><strong>cujus</strong></span> <span class='ocrx_word' id='word_1_12' title='bbox 241 451 323 498; x_wconf 74' lang='lat' dir='ltr'><strong>usar</strong></span> <span class='ocrx_word' id='word_1_13' title='bbox 344 437 456 518; x_wconf 86' lang='lat' dir='ltr'><strong>genuit</strong></span> <span class='ocrx_word' id='word_1_14' title='bbox 483 437 516 498; x_wconf 92' lang='lat' dir='ltr'><strong>in</strong></span> <span class='ocrx_word' id='word_1_15' title='bbox 539 453 577 496; x_wconf 91' lang='lat' dir='ltr'><strong>co</strong></span> <span class='ocrx_word' id='word_1_16' title='bbox 598 431 706 513; x_wconf 87' lang='lat' dir='ltr'><strong>Jesse,</strong></span> <span class='ocrx_word' id='word_1_17' title='bbox 729 440 761 493; x_wconf 87' lang='lat' dir='ltr'><strong>et</strong></span> <span class='ocrx_word' id='word_1_18' title='bbox 782 450 864 494; x_wconf 86' lang='lat' dir='ltr'><strong>uxor</strong></span> <span class='ocrx_word' id='word_1_19' title='bbox 884 431 986 492; x_wconf 75' lang='lat' dir='ltr'><strong>desse</strong></span> <span class='ocrx_word' id='word_1_20' title='bbox 1007 434 1127 514; x_wconf 84' lang='lat' dir='ltr'><strong>genuit</strong></span> <span class='ocrx_word' id='word_1_21' title='bbox 1146 433 1179 498; x_wconf 86' lang='lat' dir='ltr'><strong>iu</strong></span> <span class='ocrx_word' id='word_1_22' title='bbox 1196 451 1269 514; x_wconf 83' lang='lat' dir='ltr'><strong>spetv</strong></span> 
     </span>
     <span class='ocr_line' id='line_1_4' title="bbox 128 534 1269 629; baseline -0.007 -22"><span class='ocrx_word' id='word_1_23' title='bbox 128 541 183 607; x_wconf 90' lang='lat' dir='ltr'><strong>illo</strong></span> <span class='ocrx_word' id='word_1_24' title='bbox 203 537 312 604; x_wconf 86' lang='lat' dir='ltr'><strong>David</strong></span> <span class='ocrx_word' id='word_1_25' title='bbox 334 555 453 621; x_wconf 83' lang='lat' dir='ltr'><strong>regem.</strong></span> <span class='ocrx_word' id='word_1_26' title='bbox 497 539 675 619; x_wconf 87' lang='lat' dir='ltr'><strong>Postquam</strong></span> <span class='ocrx_word' id='word_1_27' title='bbox 695 543 801 596; x_wconf 87' lang='lat' dir='ltr'><strong>autem</strong></span> <span class='ocrx_word' id='word_1_28' title='bbox 829 534 937 629; x_wconf 80' lang='lat' dir='ltr'><strong>David</strong></span> <span class='ocrx_word' id='word_1_29' title='bbox 958 535 1073 598; x_wconf 83' lang='lat' dir='ltr'><strong>iaetus</strong></span> <span class='ocrx_word' id='word_1_30' title='bbox 1096 537 1199 600; x_wconf 76' lang='lat' dir='ltr'><strong>luerat</strong></span> <span class='ocrx_word' id='word_1_31' title='bbox 1222 557 1269 616; x_wconf 83' lang='lat' dir='ltr'><strong>rer,</strong></span> 
     </span>
     <span class='ocr_line' id='line_1_5' title="bbox 128 639 1270 726; baseline -0.006 -17"><span class='ocrx_word' id='word_1_32' title='bbox 128 643 289 709; x_wconf 82' lang='lat' dir='ltr'><strong>transtulit</strong></span> <span class='ocrx_word' id='word_1_33' title='bbox 311 643 454 726; x_wconf 86' lang='lat' dir='ltr'><strong>pecudes</strong></span> <span class='ocrx_word' id='word_1_34' title='bbox 476 652 510 706; x_wconf 88' lang='lat' dir='ltr'><strong>et</strong></span> <span class='ocrx_word' id='word_1_35' title='bbox 530 643 660 706; x_wconf 86' lang='lat' dir='ltr'><strong>domum</strong></span> <span class='ocrx_word' id='word_1_36' title='bbox 680 641 782 723; x_wconf 88' lang='lat' dir='ltr'><strong>patris</strong></span> <span class='ocrx_word' id='word_1_37' title='bbox 803 640 855 702; x_wconf 81' lang='lat' dir='ltr'><strong>sui</strong></span> <span class='ocrx_word' id='word_1_38' title='bbox 877 639 911 701; x_wconf 90' lang='lat' dir='ltr'><strong>iu</strong></span> <span class='ocrx_word' id='word_1_39' title='bbox 934 639 1079 724; x_wconf 76' lang='lat' dir='ltr'><strong>domm,</strong></span> <span class='ocrx_word' id='word_1_40' title='bbox 1095 659 1191 724; x_wconf 80' lang='lat' dir='ltr'><strong>quam</strong></span> <span class='ocrx_word' id='word_1_41' title='bbox 1204 641 1270 703; x_wconf 84' lang='lat' dir='ltr'><strong>aedi·</strong></span> 
     </span>
     <span class='ocr_line' id='line_1_6' title="bbox 127 743 1270 827; baseline -0.005 -13"><span class='ocrx_word' id='word_1_42' title='bbox 127 750 238 814; x_wconf 87' lang='lat' dir='ltr'><strong>llcavit</strong></span> <span class='ocrx_word' id='word_1_43' title='bbox 259 749 293 812; x_wconf 91' lang='lat' dir='ltr'><strong>iu</strong></span> <span class='ocrx_word' id='word_1_44' title='bbox 310 747 493 812; x_wconf 75' lang='lat' dir='ltr'><strong>Jerusalem</strong></span> <span class='ocrx_word' id='word_1_45' title='bbox 515 749 549 809; x_wconf 94' lang='lat' dir='ltr'><strong>iu</strong></span> <span class='ocrx_word' id='word_1_46' title='bbox 570 743 789 827; x_wconf 84' lang='lat' dir='ltr'><strong>mouteSyon,</strong></span> <span class='ocrx_word' id='word_1_47' title='bbox 811 753 845 805; x_wconf 92' lang='lat' dir='ltr'><strong>et</strong></span> <span class='ocrx_word' id='word_1_48' title='bbox 864 743 986 806; x_wconf 85' lang='lat' dir='ltr'><strong>dimisit</strong></span> <span class='ocrx_word' id='word_1_49' title='bbox 1008 764 1151 810; x_wconf 88' lang='lat' dir='ltr'><strong>vacuam</strong></span> <span class='ocrx_word' id='word_1_50' title='bbox 1171 745 1270 808; x_wconf 78' lang='lat' dir='ltr'><strong>domun</strong></span> 
     </span>
     <span class='ocr_line' id='line_1_7' title="bbox 131 848 1271 934; baseline -0.005 -16"><span class='ocrx_word' id='word_1_51' title='bbox 131 854 310 918; x_wconf 86' lang='lat' dir='ltr'><strong>nativitatis</strong></span> <span class='ocrx_word' id='word_1_52' title='bbox 336 869 427 921; x_wconf 85' lang='lat' dir='ltr'><strong>suae.</strong></span> <span class='ocrx_word' id='word_1_53' title='bbox 480 848 549 914; x_wconf 83' lang='lat' dir='ltr'><strong>Sed</strong></span> <span class='ocrx_word' id='word_1_54' title='bbox 580 853 656 934; x_wconf 81' lang='lat' dir='ltr'><strong>quia</strong></span> <span class='ocrx_word' id='word_1_55' title='bbox 685 849 729 912; x_wconf 90' lang='lat' dir='ltr'><strong>ibi</strong></span> <span class='ocrx_word' id='word_1_56' title='bbox 756 855 853 920; x_wconf 76' lang='lat' dir='ltr'><strong>uanus</strong></span> <span class='ocrx_word' id='word_1_57' title='bbox 882 849 943 912; x_wconf 85' lang='lat' dir='ltr'><strong>luit</strong></span> <span class='ocrx_word' id='word_1_58' title='bbox 983 859 1018 913; x_wconf 89' lang='lat' dir='ltr'><strong>et</strong></span> <span class='ocrx_word' id='word_1_59' title='bbox 1046 852 1271 929; x_wconf 70' lang='lat' dir='ltr'><strong>rariuuoctm</strong></span> 
     </span>
     <span class='ocr_line' id='line_1_8' title="bbox 126 952 1272 1039; baseline -0.01 -12"><span class='ocrx_word' id='word_1_60' title='bbox 126 959 293 1027; x_wconf 72' lang='lat' dir='ltr'><strong>dicebatur</strong></span> <span class='ocrx_word' id='word_1_61' title='bbox 307 957 499 1020; x_wconf 84' lang='lat' dir='ltr'><strong>Bethlehem</strong></span> <span class='ocrx_word' id='word_1_62' title='bbox 521 956 637 1020; x_wconf 85' lang='lat' dir='ltr'><strong>civitas</strong></span> <span class='ocrx_word' id='word_1_63' title='bbox 658 952 778 1034; x_wconf 89' lang='lat' dir='ltr'><strong>David,</strong></span> <span class='ocrx_word' id='word_1_64' title='bbox 800 953 912 1016; x_wconf 91' lang='lat' dir='ltr'><strong>sedet</strong></span> <span class='ocrx_word' id='word_1_65' title='bbox 934 958 1030 1018; x_wconf 85' lang='lat' dir='ltr'><strong>iuous</strong></span> <span class='ocrx_word' id='word_1_66' title='bbox 1051 955 1159 1039; x_wconf 78' lang='lat' dir='ltr'><strong>syon,</strong></span> <span class='ocrx_word' id='word_1_67' title='bbox 1179 957 1210 1017; x_wconf 88' lang='lat' dir='ltr'><strong>iu</strong></span> <span class='ocrx_word' id='word_1_68' title='bbox 1227 973 1272 1038; x_wconf 85' lang='lat' dir='ltr'><strong>quo</strong></span> 
     </span>
     <span class='ocr_line' id='line_1_9' title="bbox 125 1057 1273 1148; baseline -0.005 -20"><span class='ocrx_word' id='word_1_69' title='bbox 125 1063 291 1148; x_wconf 79' lang='lat' dir='ltr'><strong>regnavit,</strong></span> <span class='ocrx_word' id='word_1_70' title='bbox 314 1061 478 1126; x_wconf 75' lang='lat' dir='ltr'><strong>dicebatur</strong></span> <span class='ocrx_word' id='word_1_71' title='bbox 496 1060 613 1123; x_wconf 87' lang='lat' dir='ltr'><strong>civitas</strong></span> <span class='ocrx_word' id='word_1_72' title='bbox 634 1057 759 1141; x_wconf 80' lang='lat' dir='ltr'><strong>David,</strong></span> <span class='ocrx_word' id='word_1_73' title='bbox 792 1064 826 1119; x_wconf 91' lang='lat' dir='ltr'><strong>et</strong></span> <span class='ocrx_word' id='word_1_74' title='bbox 847 1066 1021 1142; x_wconf 82' lang='lat' dir='ltr'><strong>utrumque</strong></span> <span class='ocrx_word' id='word_1_75' title='bbox 1041 1077 1148 1143; x_wconf 84' lang='lat' dir='ltr'><strong>saepe</strong></span> <span class='ocrx_word' id='word_1_76' title='bbox 1165 1062 1273 1125; x_wconf 81' lang='lat' dir='ltr'><strong>haban</strong></span> 
     </span>
     <span class='ocr_line' id='line_1_10' title="bbox 126 1159 1272 1250; baseline -0.005 -18"><span class='ocrx_word' id='word_1_77' title='bbox 126 1170 159 1232; x_wconf 92' lang='lat' dir='ltr'><strong>iu</strong></span> <span class='ocrx_word' id='word_1_78' title='bbox 181 1159 362 1250; x_wconf 82' lang='lat' dir='ltr'><strong>Scriptura.</strong></span> <span class='ocrx_word' id='word_1_79' title='bbox 419 1165 522 1228; x_wconf 71' lang='lat' dir='ltr'><strong>Facta</strong></span> <span class='ocrx_word' id='word_1_80' title='bbox 546 1159 663 1228; x_wconf 72' lang='lat' dir='ltr'><strong>“autem</strong></span> <span class='ocrx_word' id='word_1_81' title='bbox 696 1162 760 1225; x_wconf 87' lang='lat' dir='ltr'><strong>ista</strong></span> <span class='ocrx_word' id='word_1_82' title='bbox 791 1162 1004 1226; x_wconf 85' lang='lat' dir='ltr'><strong>translatione</strong></span> <span class='ocrx_word' id='word_1_83' title='bbox 1036 1159 1161 1230; x_wconf 74' lang='lat' dir='ltr'><strong>demus</strong></span> <span class='ocrx_word' id='word_1_84' title='bbox 1186 1163 1272 1228; x_wconf 84' lang='lat' dir='ltr'><strong>David</strong></span> 
     </span>
     <span class='ocr_line' id='line_1_11' title="bbox 124 1267 1274 1354; baseline -0.005 -18"><span class='ocrx_word' id='word_1_85' title='bbox 124 1274 317 1337; x_wconf 79' lang='lat' dir='ltr'><strong>minoraret</strong></span> <span class='ocrx_word' id='word_1_86' title='bbox 336 1279 484 1354; x_wconf 85' lang='lat' dir='ltr'><strong>respectu</strong></span> <span class='ocrx_word' id='word_1_87' title='bbox 507 1269 548 1334; x_wconf 92' lang='lat' dir='ltr'><strong>ad</strong></span> <span class='ocrx_word' id='word_1_88' title='bbox 571 1269 698 1331; x_wconf 90' lang='lat' dir='ltr'><strong>domum</strong></span> <span class='ocrx_word' id='word_1_89' title='bbox 723 1269 756 1330; x_wconf 93' lang='lat' dir='ltr'><strong>iu</strong></span> <span class='ocrx_word' id='word_1_90' title='bbox 775 1267 985 1350; x_wconf 81' lang='lat' dir='ltr'><strong>Bethlehem,</strong></span> <span class='ocrx_word' id='word_1_91' title='bbox 1013 1269 1106 1334; x_wconf 76' lang='lat' dir='ltr'><strong>mulo</strong></span> <span class='ocrx_word' id='word_1_92' title='bbox 1133 1273 1274 1334; x_wconf 86' lang='lat' dir='ltr'><strong>valviset</strong></span> 
     </span>
     <span class='ocr_line' id='line_1_12' title="bbox 123 1369 1275 1462; baseline -0.003 -22"><span class='ocrx_word' id='word_1_93' title='bbox 123 1381 227 1462; x_wconf 89' lang='lat' dir='ltr'><strong>portis</strong></span> <span class='ocrx_word' id='word_1_94' title='bbox 246 1377 429 1440; x_wconf 78' lang='lat' dir='ltr'><strong>destructis</strong></span> <span class='ocrx_word' id='word_1_95' title='bbox 448 1381 481 1436; x_wconf 88' lang='lat' dir='ltr'><strong>et</strong></span> <span class='ocrx_word' id='word_1_96' title='bbox 501 1376 606 1457; x_wconf 88' lang='lat' dir='ltr'><strong>ruptis</strong></span> <span class='ocrx_word' id='word_1_97' title='bbox 626 1370 836 1456; x_wconf 69' lang='lat' dir='ltr'><strong>antiquitate,</strong></span> <span class='ocrx_word' id='word_1_98' title='bbox 864 1369 1034 1436; x_wconf 79' lang='lat' dir='ltr'><strong>facta&#39;fuit</strong></span> <span class='ocrx_word' id='word_1_99' title='bbox 1057 1375 1179 1438; x_wconf 87' lang='lat' dir='ltr'><strong>domus</strong></span> <span class='ocrx_word' id='word_1_100' title='bbox 1204 1395 1275 1438; x_wconf 85' lang='lat' dir='ltr'><strong>cou-</strong></span> 
     </span>
     <span class='ocr_line' id='line_1_13' title="bbox 124 1477 1276 1562; baseline 0.001 -18"><span class='ocrx_word' id='word_1_101' title='bbox 124 1483 232 1545; x_wconf 88' lang='lat' dir='ltr'><strong>muuis</strong></span> <span class='ocrx_word' id='word_1_102' title='bbox 253 1488 484 1562; x_wconf 87' lang='lat' dir='ltr'><strong>mercatorum,</strong></span> <span class='ocrx_word' id='word_1_103' title='bbox 517 1483 551 1540; x_wconf 90' lang='lat' dir='ltr'><strong>lu</strong></span> <span class='ocrx_word' id='word_1_104' title='bbox 582 1497 647 1562; x_wconf 88' lang='lat' dir='ltr'><strong>qua</strong></span> <span class='ocrx_word' id='word_1_105' title='bbox 676 1477 899 1544; x_wconf 80' lang='lat' dir='ltr'><strong>vendebantur</strong></span> <span class='ocrx_word' id='word_1_106' title='bbox 929 1496 1034 1561; x_wconf 88' lang='lat' dir='ltr'><strong>panes</strong></span> <span class='ocrx_word' id='word_1_107' title='bbox 1071 1489 1107 1542; x_wconf 90' lang='lat' dir='ltr'><strong>et</strong></span> <span class='ocrx_word' id='word_1_108' title='bbox 1134 1481 1276 1562; x_wconf 83' lang='lat' dir='ltr'><strong>pauniat</strong></span> 
     </span>
     <span class='ocr_line' id='line_1_14' title="bbox 126 1581 1276 1666; baseline -0.003 -18"><span class='ocrx_word' id='word_1_109' title='bbox 126 1585 270 1665; x_wconf 83' lang='lat' dir='ltr'><strong>fructus,</strong></span> <span class='ocrx_word' id='word_1_110' title='bbox 305 1594 339 1648; x_wconf 90' lang='lat' dir='ltr'><strong>ot</strong></span> <span class='ocrx_word' id='word_1_111' title='bbox 371 1592 447 1646; x_wconf 89' lang='lat' dir='ltr'><strong>aute</strong></span> <span class='ocrx_word' id='word_1_112' title='bbox 481 1583 709 1646; x_wconf 88' lang='lat' dir='ltr'><strong>domum··erat</strong></span> <span class='ocrx_word' id='word_1_113' title='bbox 733 1582 859 1665; x_wconf 86' lang='lat' dir='ltr'><strong>platea,</strong></span> <span class='ocrx_word' id='word_1_114' title='bbox 892 1581 1052 1666; x_wconf 84' lang='lat' dir='ltr'><strong>adquam</strong></span> <span class='ocrx_word' id='word_1_115' title='bbox 1088 1583 1133 1647; x_wconf 90' lang='lat' dir='ltr'><strong>de</strong></span> <span class='ocrx_word' id='word_1_116' title='bbox 1164 1587 1276 1648; x_wconf 83' lang='lat' dir='ltr'><strong>civitate</strong></span> 
     </span>
     <span class='ocr_line' id='line_1_15' title="bbox 124 1685 1306 1771; baseline -0.002 -19"><span class='ocrx_word' id='word_1_117' title='bbox 124 1688 329 1752; x_wconf 86' lang='lat' dir='ltr'><strong>conlluebaut</strong></span> <span class='ocrx_word' id='word_1_118' title='bbox 346 1689 495 1752; x_wconf 88' lang='lat' dir='ltr'><strong>homiues</strong></span> <span class='ocrx_word' id='word_1_119' title='bbox 523 1687 564 1750; x_wconf 93' lang='lat' dir='ltr'><strong>ad</strong></span> <span class='ocrx_word' id='word_1_120' title='bbox 590 1685 786 1770; x_wconf 70' lang='lat' dir='ltr'><strong>colloquium</strong></span> <span class='ocrx_word' id='word_1_121' title='bbox 805 1693 846 1752; x_wconf 67' lang='lat' dir='ltr'><strong>et*</strong></span> <span class='ocrx_word' id='word_1_122' title='bbox 858 1686 1000 1769; x_wconf 85' lang='lat' dir='ltr'><strong>juvenes</strong></span> <span class='ocrx_word' id='word_1_123' title='bbox 1019 1689 1064 1752; x_wconf 87' lang='lat' dir='ltr'><strong>ad</strong></span> <span class='ocrx_word' id='word_1_124' title='bbox 1089 1691 1278 1771; x_wconf 60' lang='lat' dir='ltr'><strong>choreuma</strong></span> <span class='ocrx_word' id='word_1_125' title='bbox 1305 1721 1306 1760; x_wconf 61' lang='lat'>3</span> 
     </span>
     <span class='ocr_line' id='line_1_16' title="bbox 122 1790 1306 1879; baseline -0.003 -23"><span class='ocrx_word' id='word_1_126' title='bbox 122 1795 170 1858; x_wconf 86' lang='lat' dir='ltr'><strong>ita</strong></span> <span class='ocrx_word' id='word_1_127' title='bbox 189 1792 299 1855; x_wconf 90' lang='lat' dir='ltr'><strong>multis</strong></span> <span class='ocrx_word' id='word_1_128' title='bbox 327 1795 421 1856; x_wconf 85' lang='lat' dir='ltr'><strong>aunis</strong></span> <span class='ocrx_word' id='word_1_129' title='bbox 447 1795 539 1856; x_wconf 85' lang='lat' dir='ltr'><strong>stetit</strong></span> <span class='ocrx_word' id='word_1_130' title='bbox 557 1793 641 1856; x_wconf 87' lang='lat' dir='ltr'><strong>haec</strong></span> <span class='ocrx_word' id='word_1_131' title='bbox 664 1790 778 1854; x_wconf 88' lang='lat' dir='ltr'><strong>domus</strong></span> <span class='ocrx_word' id='word_1_132' title='bbox 799 1795 898 1874; x_wconf 78' lang='lat' dir='ltr'><strong>uuasi</strong></span> <span class='ocrx_word' id='word_1_133' title='bbox 925 1794 1057 1876; x_wconf 87' lang='lat' dir='ltr'><strong>publica</strong></span> <span class='ocrx_word' id='word_1_134' title='bbox 1082 1803 1209 1879; x_wconf 70' lang='lat' dir='ltr'><strong>palegu</strong></span> <span class='ocrx_word' id='word_1_135' title='bbox 1238 1792 1279 1854; x_wconf 81' lang='lat' dir='ltr'><strong>rel</strong></span> <span class='ocrx_word' id='word_1_136' title='bbox 1305 1823 1306 1868; x_wconf 58' lang='lat'>1</span> 
     </span>
     <span class='ocr_line' id='line_1_17' title="bbox 122 1898 1280 1982; baseline 0 -22"><span class='ocrx_word' id='word_1_137' title='bbox 122 1899 213 1962; x_wconf 89' lang='lat' dir='ltr'><strong>locus</strong></span> <span class='ocrx_word' id='word_1_138' title='bbox 232 1906 432 1981; x_wconf 87' lang='lat' dir='ltr'><strong>pategarum,</strong></span> <span class='ocrx_word' id='word_1_139' title='bbox 454 1915 538 1980; x_wconf 85' lang='lat' dir='ltr'><strong>quae</strong></span> <span class='ocrx_word' id='word_1_140' title='bbox 559 1899 689 1961; x_wconf 86' lang='lat' dir='ltr'><strong>stabant</strong></span> <span class='ocrx_word' id='word_1_141' title='bbox 709 1899 769 1960; x_wconf 85' lang='lat' dir='ltr'><strong>sub</strong></span> <span class='ocrx_word' id='word_1_142' title='bbox 790 1898 1017 1982; x_wconf 83' lang='lat' dir='ltr'><strong>testudinibus,</strong></span> <span class='ocrx_word' id='word_1_143' title='bbox 1038 1909 1087 1962; x_wconf 84' lang='lat' dir='ltr'><strong>et·</strong></span> <span class='ocrx_word' id='word_1_144' title='bbox 1100 1899 1166 1964; x_wconf 84' lang='lat' dir='ltr'><strong>luit</strong></span> <span class='ocrx_word' id='word_1_145' title='bbox 1188 1900 1280 1964; x_wconf 88' lang='lat' dir='ltr'><strong>diver·</strong></span> 
     </span>
     <span class='ocr_line' id='line_1_18' title="bbox 123 2002 1306 2106; baseline -0.001 -40"><span class='ocrx_word' id='word_1_146' title='bbox 123 2006 240 2066; x_wconf 85' lang='lat' dir='ltr'><strong>surium</strong></span> <span class='ocrx_word' id='word_1_147' title='bbox 252 2047 262 2086; x_wconf 93' lang='lat'><strong>,</strong></span> <span class='ocrx_word' id='word_1_148' title='bbox 290 2003 464 2086; x_wconf 86' lang='lat' dir='ltr'><strong>hospitium</strong></span> <span class='ocrx_word' id='word_1_149' title='bbox 486 2011 676 2064; x_wconf 88' lang='lat' dir='ltr'><strong>nocturnum</strong></span> <span class='ocrx_word' id='word_1_150' title='bbox 698 2002 888 2080; x_wconf 56' lang='lat' dir='ltr'><strong>alienorumr</strong></span> <span class='ocrx_word' id='word_1_151' title='bbox 926 2004 970 2064; x_wconf 79' lang='lat' dir='ltr'><strong>Bt</strong></span> <span class='ocrx_word' id='word_1_152' title='bbox 999 2005 1070 2069; x_wconf 83' lang='lat' dir='ltr'><strong>isto</strong></span> <span class='ocrx_word' id='word_1_153' title='bbox 1103 2013 1161 2068; x_wconf 88' lang='lat' dir='ltr'><strong>cst</strong></span> <span class='ocrx_word' id='word_1_154' title='bbox 1194 2013 1306 2106; x_wconf 51' lang='lat' dir='ltr'><strong>status,</strong></span> 
     </span>
     <span class='ocr_line' id='line_1_19' title="bbox 121 2105 1283 2190; baseline 0.001 -19"><span class='ocrx_word' id='word_1_155' title='bbox 121 2112 245 2190; x_wconf 88' lang='lat' dir='ltr'><strong>primus</strong></span> <span class='ocrx_word' id='word_1_156' title='bbox 270 2106 342 2188; x_wconf 85' lang='lat' dir='ltr'><strong>ejus</strong></span> <span class='ocrx_word' id='word_1_157' title='bbox 363 2108 450 2169; x_wconf 87' lang='lat' dir='ltr'><strong>sacri</strong></span> <span class='ocrx_word' id='word_1_158' title='bbox 469 2105 532 2168; x_wconf 88' lang='lat' dir='ltr'><strong>loci</strong></span> <span class='ocrx_word' id='word_1_159' title='bbox 553 2107 742 2170; x_wconf 85' lang='lat' dir='ltr'><strong>nativitatis.</strong></span> <span class='ocrx_word' id='word_1_160' title='bbox 786 2105 960 2170; x_wconf 80' lang='lat' dir='ltr'><strong>Secundus</strong></span> <span class='ocrx_word' id='word_1_161' title='bbox 983 2110 1093 2171; x_wconf 76' lang='lat' dir='ltr'><strong>status</strong></span> <span class='ocrx_word' id='word_1_162' title='bbox 1121 2110 1218 2172; x_wconf 85' lang='lat' dir='ltr'><strong>illius</strong></span> <span class='ocrx_word' id='word_1_163' title='bbox 1233 2109 1283 2172; x_wconf 80' lang='lat' dir='ltr'><strong>loti</strong></span> 
     </span>
     <span class='ocr_line' id='line_1_20' title="bbox 123 2197 1306 2292; baseline 0.005 -16"><span class='ocrx_word' id='word_1_164' title='bbox 123 2213 197 2276; x_wconf 86' lang='lat' dir='ltr'><strong>talis</strong></span> <span class='ocrx_word' id='word_1_165' title='bbox 212 2211 288 2276; x_wconf 80' lang='lat' dir='ltr'><strong>init.</strong></span> <span class='ocrx_word' id='word_1_166' title='bbox 333 2207 418 2288; x_wconf 77' lang='lat' dir='ltr'><strong>Quia</strong></span> <span class='ocrx_word' id='word_1_167' title='bbox 438 2212 523 2273; x_wconf 89' lang='lat' dir='ltr'><strong>enim</strong></span> <span class='ocrx_word' id='word_1_168' title='bbox 542 2197 605 2292; x_wconf 74' lang='lat' dir='ltr'><strong>&#39;&#39;pro</strong></span> <span class='ocrx_word' id='word_1_169' title='bbox 625 2215 882 2274; x_wconf 58' lang='lat' dir='ltr'><strong>conservationes</strong></span> <span class='ocrx_word' id='word_1_170' title='bbox 894 2212 957 2274; x_wconf 87' lang='lat' dir='ltr'><strong>loci</strong></span> <span class='ocrx_word' id='word_1_171' title='bbox 976 2215 1011 2272; x_wconf 92' lang='lat' dir='ltr'><strong>iu</strong></span> <span class='ocrx_word' id='word_1_172' title='bbox 1030 2217 1104 2278; x_wconf 87' lang='lat' dir='ltr'><strong>suis</strong></span> <span class='ocrx_word' id='word_1_173' title='bbox 1119 2215 1284 2280; x_wconf 84' lang='lat' dir='ltr'><strong>structuris</strong></span> <span class='ocrx_word' id='word_1_174' title='bbox 1305 2211 1306 2282; x_wconf 79' lang='lat'><em>3</em></span> 
     </span>
     <span class='ocr_line' id='line_1_21' title="bbox 123 2304 1284 2400; baseline -0.002 -20"><span class='ocrx_word' id='word_1_175' title='bbox 123 2318 212 2382; x_wconf 90' lang='lat' dir='ltr'><strong>nulla</strong></span> <span class='ocrx_word' id='word_1_176' title='bbox 235 2325 303 2380; x_wconf 88' lang='lat' dir='ltr'><strong>erat</strong></span> <span class='ocrx_word' id='word_1_177' title='bbox 326 2335 413 2398; x_wconf 87' lang='lat' dir='ltr'><strong>eura,</strong></span> <span class='ocrx_word' id='word_1_178' title='bbox 435 2315 563 2377; x_wconf 88' lang='lat' dir='ltr'><strong>taudem</strong></span> <span class='ocrx_word' id='word_1_179' title='bbox 587 2324 620 2376; x_wconf 89' lang='lat' dir='ltr'><strong>et</strong></span> <span class='ocrx_word' id='word_1_180' title='bbox 644 2319 737 2397; x_wconf 85' lang='lat' dir='ltr'><strong>ipsae</strong></span> <span class='ocrx_word' id='word_1_181' title='bbox 758 2304 940 2387; x_wconf 79' lang='lat' dir='ltr'><strong>testudines</strong></span> <span class='ocrx_word' id='word_1_182' title='bbox 957 2327 1073 2400; x_wconf 80' lang='lat' dir='ltr'><strong>ruptae</strong></span> <span class='ocrx_word' id='word_1_183' title='bbox 1094 2321 1284 2398; x_wconf 85' lang='lat' dir='ltr'><strong>cocidemrt,</strong></span> 
     </span>
     <span class='ocr_line' id='line_1_22' title="bbox 123 2420 1286 2506; baseline -0.003 -21"><span class='ocrx_word' id='word_1_184' title='bbox 123 2433 155 2486; x_wconf 85' lang='lat' dir='ltr'><strong>et</strong></span> <span class='ocrx_word' id='word_1_185' title='bbox 184 2425 266 2488; x_wconf 83' lang='lat' dir='ltr'><strong>muri</strong></span> <span class='ocrx_word' id='word_1_186' title='bbox 296 2420 432 2486; x_wconf 87' lang='lat' dir='ltr'><strong>desolati</strong></span> <span class='ocrx_word' id='word_1_187' title='bbox 460 2429 668 2503; x_wconf 89' lang='lat' dir='ltr'><strong>corruerunt,</strong></span> <span class='ocrx_word' id='word_1_188' title='bbox 705 2430 737 2483; x_wconf 87' lang='lat' dir='ltr'><strong>et</strong></span> <span class='ocrx_word' id='word_1_189' title='bbox 767 2438 829 2485; x_wconf 87' lang='lat' dir='ltr'><strong>nec</strong></span> <span class='ocrx_word' id='word_1_190' title='bbox 859 2429 997 2504; x_wconf 80' lang='lat' dir='ltr'><strong>pategae</strong></span> <span class='ocrx_word' id='word_1_191' title='bbox 1030 2423 1205 2506; x_wconf 86' lang='lat' dir='ltr'><strong>aluerant,</strong></span> <span class='ocrx_word' id='word_1_192' title='bbox 1237 2439 1286 2484; x_wconf 87' lang='lat' dir='ltr'><strong>nee</strong></span> 
     </span>
     <span class='ocr_line' id='line_1_23' title="bbox 121 2523 1286 2613; baseline -0.003 -19"><span class='ocrx_word' id='word_1_193' title='bbox 121 2523 344 2608; x_wconf 79' lang='lat' dir='ltr'><strong>mercimonia,</strong></span> <span class='ocrx_word' id='word_1_194' title='bbox 369 2532 593 2588; x_wconf 88' lang='lat' dir='ltr'><strong>remanserunt</strong></span> <span class='ocrx_word' id='word_1_195' title='bbox 614 2534 722 2588; x_wconf 90' lang='lat' dir='ltr'><strong>tamen</strong></span> <span class='ocrx_word' id='word_1_196' title='bbox 743 2527 787 2588; x_wconf 86' lang='lat' dir='ltr'><strong>ibi</strong></span> <span class='ocrx_word' id='word_1_197' title='bbox 814 2525 936 2589; x_wconf 87' lang='lat' dir='ltr'><strong>ruinosi</strong></span> <span class='ocrx_word' id='word_1_198' title='bbox 957 2529 1055 2610; x_wconf 87' lang='lat' dir='ltr'><strong>muri,</strong></span> <span class='ocrx_word' id='word_1_199' title='bbox 1084 2547 1194 2611; x_wconf 85' lang='lat' dir='ltr'><strong>super</strong></span> <span class='ocrx_word' id='word_1_200' title='bbox 1215 2545 1286 2613; x_wconf 79' lang='lat' dir='ltr'><strong>quos</strong></span> 
     </span>
     <span class='ocr_line' id='line_1_24' title="bbox 121 2629 1287 2716; baseline -0.001 -18"><span class='ocrx_word' id='word_1_201' title='bbox 121 2633 190 2698; x_wconf 85' lang='lat' dir='ltr'><strong>vile</strong></span> <span class='ocrx_word' id='word_1_202' title='bbox 217 2643 250 2696; x_wconf 87' lang='lat' dir='ltr'><strong>et</strong></span> <span class='ocrx_word' id='word_1_203' title='bbox 271 2629 494 2699; x_wconf 82' lang='lat' dir='ltr'><strong>defectuosum</strong></span> <span class='ocrx_word' id='word_1_204' title='bbox 525 2629 705 2695; x_wconf 85' lang='lat' dir='ltr'><strong>aedilicium</strong></span> <span class='ocrx_word' id='word_1_205' title='bbox 723 2636 807 2713; x_wconf 87' lang='lat' dir='ltr'><strong>erat,</strong></span> <span class='ocrx_word' id='word_1_206' title='bbox 834 2638 866 2693; x_wconf 90' lang='lat' dir='ltr'><strong>et</strong></span> <span class='ocrx_word' id='word_1_207' title='bbox 893 2633 1073 2714; x_wconf 79' lang='lat' dir='ltr'><strong>tugurium,</strong></span> <span class='ocrx_word' id='word_1_208' title='bbox 1106 2641 1145 2695; x_wconf 85' lang='lat' dir='ltr'><strong>et</strong></span> <span class='ocrx_word' id='word_1_209' title='bbox 1173 2649 1287 2716; x_wconf 71' lang='lat' dir='ltr'><strong>specus</strong></span> 
     </span>
     <span class='ocr_line' id='line_1_25' title="bbox 121 2729 1287 2824; baseline 0.002 -23"><span class='ocrx_word' id='word_1_210' title='bbox 121 2738 304 2810; x_wconf 85' lang='lat' dir='ltr'><strong>antedictus</strong></span> <span class='ocrx_word' id='word_1_211' title='bbox 330 2747 398 2800; x_wconf 89' lang='lat' dir='ltr'><strong>erat</strong></span> <span class='ocrx_word' id='word_1_212' title='bbox 420 2741 453 2800; x_wconf 92' lang='lat' dir='ltr'><strong>iu</strong></span> <span class='ocrx_word' id='word_1_213' title='bbox 475 2735 540 2798; x_wconf 88' lang='lat' dir='ltr'><strong>fine</strong></span> <span class='ocrx_word' id='word_1_214' title='bbox 566 2735 620 2798; x_wconf 87' lang='lat' dir='ltr'><strong>vel</strong></span> <span class='ocrx_word' id='word_1_215' title='bbox 641 2729 803 2816; x_wconf 79' lang='lat' dir='ltr'><strong>incapite</strong></span> <span class='ocrx_word' id='word_1_216' title='bbox 824 2737 1104 2823; x_wconf 37' lang='lat' dir='ltr'><strong>tugtrrii,·eterat</strong></span> <span class='ocrx_word' id='word_1_217' title='bbox 1128 2741 1287 2824; x_wconf 78' lang='lat' dir='ltr'><strong>tugurium</strong></span> 
     </span>
     <span class='ocr_line' id='line_1_26' title="bbox 120 2838 1288 2926; baseline 0 -18"><span class='ocrx_word' id='word_1_218' title='bbox 120 2844 183 2908; x_wconf 89' lang='lat' dir='ltr'><strong>hoc</strong></span> <span class='ocrx_word' id='word_1_219' title='bbox 206 2843 446 2924; x_wconf 86' lang='lat' dir='ltr'><strong>diversorium,</strong></span> <span class='ocrx_word' id='word_1_220' title='bbox 473 2840 515 2902; x_wconf 89' lang='lat' dir='ltr'><strong>ad</strong></span> <span class='ocrx_word' id='word_1_221' title='bbox 543 2839 629 2923; x_wconf 92' lang='lat' dir='ltr'><strong>quod</strong></span> <span class='ocrx_word' id='word_1_222' title='bbox 658 2843 818 2923; x_wconf 85' lang='lat' dir='ltr'><strong>pauperes</strong></span> <span class='ocrx_word' id='word_1_223' title='bbox 847 2838 1070 2926; x_wconf 85' lang='lat' dir='ltr'><strong>divertebant,</strong></span> <span class='ocrx_word' id='word_1_224' title='bbox 1101 2854 1138 2910; x_wconf 83' lang='lat' dir='ltr'><strong>et</strong></span> <span class='ocrx_word' id='word_1_225' title='bbox 1171 2845 1288 2908; x_wconf 80' lang='lat' dir='ltr'><strong>hostias</strong></span> 
     </span>
     <span class='ocr_line' id='line_1_27' title="bbox 120 2944 1287 3031; baseline -0.003 -20"><span class='ocrx_word' id='word_1_226' title='bbox 120 2962 199 3011; x_wconf 86' lang='lat' dir='ltr'><strong>suas</strong></span> <span class='ocrx_word' id='word_1_227' title='bbox 220 2947 265 3011; x_wconf 91' lang='lat' dir='ltr'><strong>ibi</strong></span> <span class='ocrx_word' id='word_1_228' title='bbox 286 2944 448 3030; x_wconf 84' lang='lat' dir='ltr'><strong>ligabant,</strong></span> <span class='ocrx_word' id='word_1_229' title='bbox 482 2955 515 3010; x_wconf 90' lang='lat' dir='ltr'><strong>et</strong></span> <span class='ocrx_word' id='word_1_230' title='bbox 545 2947 639 3030; x_wconf 81' lang='lat' dir='ltr'><strong>bigas</strong></span> <span class='ocrx_word' id='word_1_231' title='bbox 659 2947 715 3011; x_wconf 88' lang='lat' dir='ltr'><strong>-ibi</strong></span> <span class='ocrx_word' id='word_1_232' title='bbox 736 2949 911 3031; x_wconf 76' lang='lat' dir='ltr'><strong>ponebant,</strong></span> <span class='ocrx_word' id='word_1_233' title='bbox 940 2955 973 3010; x_wconf 89' lang='lat' dir='ltr'><strong>el</strong></span> <span class='ocrx_word' id='word_1_234' title='bbox 994 2949 1075 3030; x_wconf 88' lang='lat' dir='ltr'><strong>alia,</strong></span> <span class='ocrx_word' id='word_1_235' title='bbox 1108 2969 1202 3031; x_wconf 87' lang='lat' dir='ltr'><strong>quae</strong></span> <span class='ocrx_word' id='word_1_236' title='bbox 1231 2965 1287 3012; x_wconf 87' lang='lat' dir='ltr'><strong>nou</strong></span> 
     </span>
     <span class='ocr_line' id='line_1_28' title="bbox 118 3050 1285 3138; baseline 0 -24"><span class='ocrx_word' id='word_1_237' title='bbox 118 3058 267 3134; x_wconf 86' lang='lat' dir='ltr'><strong>poteraut</strong></span> <span class='ocrx_word' id='word_1_238' title='bbox 286 3050 320 3110; x_wconf 92' lang='lat' dir='ltr'><strong>iu</strong></span> <span class='ocrx_word' id='word_1_239' title='bbox 343 3051 476 3114; x_wconf 88' lang='lat' dir='ltr'><strong>civitate</strong></span> <span class='ocrx_word' id='word_1_240' title='bbox 497 3051 605 3116; x_wconf 86' lang='lat' dir='ltr'><strong>locari.</strong></span> <span class='ocrx_word' id='word_1_241' title='bbox 663 3051 705 3114; x_wconf 78' lang='lat' dir='ltr'><strong>ht</strong></span> <span class='ocrx_word' id='word_1_242' title='bbox 726 3052 771 3114; x_wconf 91' lang='lat' dir='ltr'><strong>ita</strong></span> <span class='ocrx_word' id='word_1_243' title='bbox 793 3053 900 3115; x_wconf 74' lang='lat' dir='ltr'><strong>mahat</strong></span> <span class='ocrx_word' id='word_1_244' title='bbox 922 3052 1012 3116; x_wconf 81' lang='lat' dir='ltr'><strong>loros</strong></span> <span class='ocrx_word' id='word_1_245' title='bbox 1033 3053 1090 3120; x_wconf 83' lang='lat' dir='ltr'><strong>itta</strong></span> <span class='ocrx_word' id='word_1_246' title='bbox 1114 3071 1231 3138; x_wconf 81' lang='lat' dir='ltr'><strong>usque</strong></span> <span class='ocrx_word' id='word_1_247' title='bbox 1252 3051 1285 3114; x_wconf 85' lang='lat' dir='ltr'><strong>ad</strong></span> 
     </span>
     <span class='ocr_line' id='line_1_29' title="bbox 122 3154 1306 3243; baseline -0.002 -23"><span class='ocrx_word' id='word_1_248' title='bbox 122 3165 267 3239; x_wconf 89' lang='lat' dir='ltr'><strong>tempora</strong></span> <span class='ocrx_word' id='word_1_249' title='bbox 280 3155 416 3239; x_wconf 88' lang='lat' dir='ltr'><strong>Joseph,</strong></span> <span class='ocrx_word' id='word_1_250' title='bbox 435 3156 547 3238; x_wconf 88' lang='lat' dir='ltr'><strong>spousi</strong></span> <span class='ocrx_word' id='word_1_251' title='bbox 560 3155 685 3220; x_wconf 80' lang='lat' dir='ltr'><strong>Mariae</strong></span> <span class='ocrx_word' id='word_1_252' title='bbox 694 3155 851 3238; x_wconf 81' lang='lat' dir='ltr'><strong>Virginis.</strong></span> <span class='ocrx_word' id='word_1_253' title='bbox 896 3154 959 3236; x_wconf 78' lang='lat' dir='ltr'><strong>uui</strong></span> <span class='ocrx_word' id='word_1_254' title='bbox 971 3169 1069 3243; x_wconf 85' lang='lat' dir='ltr'><strong>quum</strong></span> <span class='ocrx_word' id='word_1_255' title='bbox 1091 3159 1137 3223; x_wconf 90' lang='lat' dir='ltr'><strong>ad</strong></span> <span class='ocrx_word' id='word_1_256' title='bbox 1148 3158 1286 3226; x_wconf 86' lang='lat' dir='ltr'><strong>edictoa</strong></span> <span class='ocrx_word' id='word_1_257' title='bbox 1305 3215 1306 3218; x_wconf 74' lang='grc'>,</span> 
     </span>
     <span class='ocr_line' id='line_1_30' title="bbox 120 3258 1286 3342; baseline 0.002 -17"><span class='ocrx_word' id='word_1_258' title='bbox 120 3261 275 3326; x_wconf 87' lang='lat' dir='ltr'><strong>Caesaris</strong></span> <span class='ocrx_word' id='word_1_259' title='bbox 303 3260 445 3342; x_wconf 79' lang='lat' dir='ltr'><strong>Augusti</strong></span> <span class='ocrx_word' id='word_1_260' title='bbox 473 3258 515 3322; x_wconf 92' lang='lat' dir='ltr'><strong>de</strong></span> <span class='ocrx_word' id='word_1_261' title='bbox 546 3259 712 3324; x_wconf 67' lang='lat' dir='ltr'><strong>Nazareth</strong></span> <span class='ocrx_word' id='word_1_262' title='bbox 737 3263 894 3326; x_wconf 76' lang='lat' dir='ltr'><strong>venisset</strong></span> <span class='ocrx_word' id='word_1_263' title='bbox 923 3265 957 3327; x_wconf 92' lang='lat' dir='ltr'><strong>iu</strong></span> <span class='ocrx_word' id='word_1_264' title='bbox 989 3263 1185 3328; x_wconf 82' lang='lat' dir='ltr'><strong>Bethlehem</strong></span> <span class='ocrx_word' id='word_1_265' title='bbox 1221 3283 1286 3327; x_wconf 85' lang='lat' dir='ltr'><strong>cum</strong></span> 
     </span>
     <span class='ocr_line' id='line_1_31' title="bbox 118 3354 1286 3452; baseline 0 -20"><span class='ocrx_word' id='word_1_266' title='bbox 118 3361 225 3435; x_wconf 81' lang='lat' dir='ltr'><strong>Maria</strong></span> <span class='ocrx_word' id='word_1_267' title='bbox 245 3365 383 3450; x_wconf 87' lang='lat' dir='ltr'><strong>Virgine</strong></span> <span class='ocrx_word' id='word_1_268' title='bbox 407 3365 773 3448; x_wconf 79' lang='lat' dir='ltr'><strong>praegnante,·iuveuit</strong></span> <span class='ocrx_word' id='word_1_269' title='bbox 793 3367 956 3432; x_wconf 83' lang='lat' dir='ltr'><strong>civitatem</strong></span> <span class='ocrx_word' id='word_1_270' title='bbox 970 3354 1135 3451; x_wconf 72' lang='lat' dir='ltr'><strong>,repletam</strong></span> <span class='ocrx_word' id='word_1_271' title='bbox 1158 3367 1286 3452; x_wconf 86' lang='lat' dir='ltr'><strong>popule,</strong></span> 
     </span>
     <span class='ocr_line' id='line_1_32' title="bbox 119 3471 1287 3558; baseline 0.003 -21"><span class='ocrx_word' id='word_1_272' title='bbox 119 3482 153 3537; x_wconf 87' lang='lat' dir='ltr'><strong>et</strong></span> <span class='ocrx_word' id='word_1_273' title='bbox 178 3475 284 3538; x_wconf 87' lang='lat' dir='ltr'><strong>omnia</strong></span> <span class='ocrx_word' id='word_1_274' title='bbox 312 3471 450 3553; x_wconf 89' lang='lat' dir='ltr'><strong>hospitia</strong></span> <span class='ocrx_word' id='word_1_275' title='bbox 478 3479 731 3554; x_wconf 88' lang='lat' dir='ltr'><strong>praeoccupata,</strong></span> <span class='ocrx_word' id='word_1_276' title='bbox 761 3480 795 3534; x_wconf 91' lang='lat' dir='ltr'><strong>et</strong></span> <span class='ocrx_word' id='word_1_277' title='bbox 820 3492 885 3545; x_wconf 83' lang='lat' dir='ltr'><strong>uon</strong></span> <span class='ocrx_word' id='word_1_278' title='bbox 906 3475 1091 3557; x_wconf 81' lang='lat' dir='ltr'><strong>inveniens,</strong></span> <span class='ocrx_word' id='word_1_279' title='bbox 1122 3475 1182 3540; x_wconf 90' lang='lat' dir='ltr'><strong>ubi</strong></span> <span class='ocrx_word' id='word_1_280' title='bbox 1222 3476 1287 3558; x_wconf 79' lang='lat' dir='ltr'><strong>ipat</strong></span> 
     </span>
     <span class='ocr_line' id='line_1_33' title="bbox 118 3575 1287 3662; baseline 0.002 -22"><span class='ocrx_word' id='word_1_281' title='bbox 118 3586 273 3662; x_wconf 85' lang='lat' dir='ltr'><strong>maneret,</strong></span> <span class='ocrx_word' id='word_1_282' title='bbox 296 3577 409 3660; x_wconf 85' lang='lat' dir='ltr'><strong>exivit,</strong></span> <span class='ocrx_word' id='word_1_283' title='bbox 431 3584 464 3638; x_wconf 91' lang='lat' dir='ltr'><strong>et</strong></span> <span class='ocrx_word' id='word_1_284' title='bbox 484 3577 516 3638; x_wconf 92' lang='lat' dir='ltr'><strong>iu</strong></span> <span class='ocrx_word' id='word_1_285' title='bbox 538 3575 749 3641; x_wconf 82' lang='lat' dir='ltr'><strong>diversorium</strong></span> <span class='ocrx_word' id='word_1_286' title='bbox 769 3578 833 3641; x_wconf 84' lang='lat' dir='ltr'><strong>hdc</strong></span> <span class='ocrx_word' id='word_1_287' title='bbox 854 3577 996 3662; x_wconf 85' lang='lat' dir='ltr'><strong>divertit,</strong></span> <span class='ocrx_word' id='word_1_288' title='bbox 1017 3580 1052 3642; x_wconf 87' lang='lat' dir='ltr'><strong>iu</strong></span> <span class='ocrx_word' id='word_1_289' title='bbox 1071 3596 1137 3661; x_wconf 90' lang='lat' dir='ltr'><strong>quo</strong></span> <span class='ocrx_word' id='word_1_290' title='bbox 1156 3584 1287 3644; x_wconf 77' lang='lat' dir='ltr'><strong>stabant</strong></span> 
     </span>
     <span class='ocr_line' id='line_1_34' title="bbox 116 3679 1285 3766; baseline 0 -22"><span class='ocrx_word' id='word_1_291' title='bbox 116 3679 244 3744; x_wconf 86' lang='lat' dir='ltr'><strong>bestiae</strong></span> <span class='ocrx_word' id='word_1_292' title='bbox 273 3688 306 3747; x_wconf 86' lang='lat' dir='ltr'><strong>et</strong></span> <span class='ocrx_word' id='word_1_293' title='bbox 328 3682 477 3748; x_wconf 82' lang='lat' dir='ltr'><strong>mualiom</strong></span> <span class='ocrx_word' id='word_1_294' title='bbox 508 3680 729 3764; x_wconf 83' lang='lat' dir='ltr'><strong>instmmenta,</strong></span> <span class='ocrx_word' id='word_1_295' title='bbox 765 3691 799 3747; x_wconf 88' lang='lat' dir='ltr'><strong>et</strong></span> <span class='ocrx_word' id='word_1_296' title='bbox 819 3684 865 3747; x_wconf 90' lang='lat' dir='ltr'><strong>ihi</strong></span> <span class='ocrx_word' id='word_1_297' title='bbox 884 3683 989 3748; x_wconf 88' lang='lat' dir='ltr'><strong>locum</strong></span> <span class='ocrx_word' id='word_1_298' title='bbox 1017 3684 1156 3766; x_wconf 79' lang='lat' dir='ltr'><strong>aptarit.</strong></span> <span class='ocrx_word' id='word_1_299' title='bbox 1206 3684 1285 3748; x_wconf 82' lang='lat' dir='ltr'><strong>Cum</strong></span> 
     </span>
     <span class='ocr_line' id='line_1_35' title="bbox 118 3783 1287 3870; baseline 0.003 -24"><span class='ocrx_word' id='word_1_300' title='bbox 118 3789 225 3846; x_wconf 75' lang='lat' dir='ltr'><strong>autem</strong></span> <span class='ocrx_word' id='word_1_301' title='bbox 247 3787 327 3850; x_wconf 83' lang='lat' dir='ltr'><strong>ho&#39;ra</strong></span> <span class='ocrx_word' id='word_1_302' title='bbox 347 3784 495 3869; x_wconf 87' lang='lat' dir='ltr'><strong>pariendi</strong></span> <span class='ocrx_word' id='word_1_303' title='bbox 515 3783 663 3869; x_wconf 80' lang='lat' dir='ltr'><strong>adesset,</strong></span> <span class='ocrx_word' id='word_1_304' title='bbox 686 3787 820 3852; x_wconf 88' lang='lat' dir='ltr'><strong>intravit</strong></span> <span class='ocrx_word' id='word_1_305' title='bbox 840 3789 1031 3852; x_wconf 85' lang='lat' dir='ltr'><strong>beatissima</strong></span> <span class='ocrx_word' id='word_1_306' title='bbox 1051 3789 1159 3870; x_wconf 79' lang='lat' dir='ltr'><strong>Virgo</strong></span> <span class='ocrx_word' id='word_1_307' title='bbox 1181 3791 1287 3854; x_wconf 70' lang='lat' dir='ltr'><strong>Maria</strong></span> 
     </span>
     <span class='ocr_line' id='line_1_36' title="bbox 118 3889 1287 3974; baseline 0.01 -27"><span class='ocrx_word' id='word_1_308' title='bbox 118 3891 269 3965; x_wconf 78' lang='lat' dir='ltr'><strong>specum,</strong></span> <span class='ocrx_word' id='word_1_309' title='bbox 289 3889 324 3948; x_wconf 87' lang='lat' dir='ltr'><strong>in</strong></span> <span class='ocrx_word' id='word_1_310' title='bbox 341 3907 405 3965; x_wconf 85' lang='lat' dir='ltr'><strong>quo</strong></span> <span class='ocrx_word' id='word_1_311' title='bbox 427 3890 541 3951; x_wconf 86' lang='lat' dir='ltr'><strong>ultimo</strong></span> <span class='ocrx_word' id='word_1_312' title='bbox 562 3893 685 3971; x_wconf 87' lang='lat' dir='ltr'><strong>primus</strong></span> <span class='ocrx_word' id='word_1_313' title='bbox 706 3891 815 3955; x_wconf 83' lang='lat' dir='ltr'><strong>David</strong></span> <span class='ocrx_word' id='word_1_314' title='bbox 834 3894 895 3956; x_wconf 85' lang='lat' dir='ltr'><strong>fuit</strong></span> <span class='ocrx_word' id='word_1_315' title='bbox 916 3901 1028 3974; x_wconf 80' lang='lat' dir='ltr'><strong>natus,</strong></span> <span class='ocrx_word' id='word_1_316' title='bbox 1050 3903 1084 3956; x_wconf 87' lang='lat' dir='ltr'><strong>et</strong></span> <span class='ocrx_word' id='word_1_317' title='bbox 1104 3895 1141 3956; x_wconf 90' lang='lat' dir='ltr'><strong>iu</strong></span> <span class='ocrx_word' id='word_1_318' title='bbox 1166 3913 1213 3959; x_wconf 84' lang='lat' dir='ltr'><strong>eo</strong></span> <span class='ocrx_word' id='word_1_319' title='bbox 1234 3913 1287 3958; x_wconf 83' lang='lat' dir='ltr'><strong>se-</strong></span> 
     </span>
     <span class='ocr_line' id='line_1_37' title="bbox 117 3981 1285 4078; baseline 0.019 -36"><span class='ocrx_word' id='word_1_320' title='bbox 117 3981 257 4044; x_wconf 86' lang='lat' dir='ltr'><strong>cundum</strong></span> <span class='ocrx_word' id='word_1_321' title='bbox 268 3984 386 4059; x_wconf 86' lang='lat' dir='ltr'><strong>David,</strong></span> <span class='ocrx_word' id='word_1_322' title='bbox 406 3987 522 4050; x_wconf 76' lang='lat' dir='ltr'><strong>desum</strong></span> <span class='ocrx_word' id='word_1_323' title='bbox 537 3991 712 4077; x_wconf 86' lang='lat' dir='ltr'><strong>Christum,</strong></span> <span class='ocrx_word' id='word_1_324' title='bbox 734 3997 844 4078; x_wconf 91' lang='lat' dir='ltr'><strong>edidit,</strong></span> <span class='ocrx_word' id='word_1_325' title='bbox 865 3995 1132 4062; x_wconf 50' lang='lat' dir='ltr'><strong>modoadictol‘ol.</strong></span> <span class='ocrx_word' id='word_1_326' title='bbox 1153 3999 1226 4063; x_wconf 72' lang='grc'><strong>169</strong></span> <span class='ocrx_word' id='word_1_327' title='bbox 1240 4002 1285 4078; x_wconf 80' lang='lat' dir='ltr'><strong>B,</strong></span> 
     </span>
    </p>
   </div>
   <div class='ocr_carea' id='block_1_3' title="bbox 118 4077 1286 4262">
    <p class='ocr_par' dir='ltr' id='par_1_3' title="bbox 118 4077 1286 4262">
     <span class='ocr_line' id='line_1_38' title="bbox 118 4077 1286 4176; baseline 0.028 -39"><span class='ocrx_word' id='word_1_328' title='bbox 118 4087 150 4137; x_wconf 86' lang='lat' dir='ltr'><strong>et</strong></span> <span class='ocrx_word' id='word_1_329' title='bbox 163 4079 200 4136; x_wconf 93' lang='lat' dir='ltr'><strong>iu</strong></span> <span class='ocrx_word' id='word_1_330' title='bbox 220 4079 277 4137; x_wconf 87' lang='lat' dir='ltr'><strong>illo</strong></span> <span class='ocrx_word' id='word_1_331' title='bbox 296 4077 368 4134; x_wconf 87' lang='lat' dir='ltr'><strong>loco</strong></span> <span class='ocrx_word' id='word_1_332' title='bbox 389 4082 430 4140; x_wconf 80' lang='lat' dir='ltr'><strong>ad</strong></span> <span class='ocrx_word' id='word_1_333' title='bbox 447 4092 579 4167; x_wconf 78' lang='lat' dir='ltr'><strong>,tempus</strong></span> <span class='ocrx_word' id='word_1_334' title='bbox 598 4093 766 4160; x_wconf 79' lang='lat' dir='ltr'><strong>habitavit.</strong></span> <span class='ocrx_word' id='word_1_335' title='bbox 819 4096 905 4176; x_wconf 79' lang='lat' dir='ltr'><strong>Quid</strong></span> <span class='ocrx_word' id='word_1_336' title='bbox 936 4107 1042 4165; x_wconf 76' lang='lat' dir='ltr'><strong>aulem</strong></span> <span class='ocrx_word' id='word_1_337' title='bbox 1064 4103 1107 4164; x_wconf 83' lang='lat' dir='ltr'><strong>sil</strong></span> <span class='ocrx_word' id='word_1_338' title='bbox 1129 4102 1286 4168; x_wconf 80' lang='lat' dir='ltr'><strong>diversa·</strong></span> 
     </span>
     <span class='ocr_line' id='line_1_39' title="bbox 118 4170 603 4262; baseline 0.029 -32"><span class='ocrx_word' id='word_1_339' title='bbox 118 4173 200 4262; x_wconf 71' lang='lat' dir='ltr'><strong>dum</strong></span> <span class='ocrx_word' id='word_1_340' title='bbox 217 4173 301 4231; x_wconf 83' lang='lat' dir='ltr'><strong>vida‘</strong></span> <span class='ocrx_word' id='word_1_341' title='bbox 316 4170 371 4230; x_wconf 82' lang='lat' dir='ltr'><strong>fol.</strong></span> <span class='ocrx_word' id='word_1_342' title='bbox 394 4175 464 4236; x_wconf 78' lang='lat'>195.</span> <span class='ocrx_word' id='word_1_343' title='bbox 484 4183 526 4243; x_wconf 82' lang='lat' dir='ltr'><strong>A.</strong></span> <span class='ocrx_word' id='word_1_344' title='bbox 598 4195 603 4205; x_wconf 84' lang='grc'><strong>’</strong></span> 
     </span>
    </p>
   </div>
   <div class='ocr_carea' id='block_1_4' title="bbox 0 0 1326 4786">
    <p class='ocr_par' dir='ltr' id='par_1_4' title="bbox 0 0 1326 4786">
     <span class='ocr_line' id='line_1_40' title="bbox 0 0 1326 4786; baseline 0 0"><span class='ocrx_word' id='word_1_345' title='bbox 0 0 1326 4786; x_wconf 95' lang='lat' dir='ltr'><strong> </strong></span> 
     </span>
    </p>
   </div>
  </div>
 </body>
</html>
