2608 4842
683 149 748 216 320

129 363 269 430 euinque
292 335 468 420 benedixit,
490 343 521 398 et
543 335 823 417 prommissionem
845 327 893 390 de
924 319 1128 386 rrescituro
1162 312 1248 377 cirin

130 473 170 518 eo
188 445 440 536 praenuntiavit,
459 459 642 525 patremque
663 449 698 502 et
719 441 829 502 vinum
864 429 1028 497 obtulit.
1097 421 1163 484 Cui
1189 420 1283 502 Alm,

130 558 288 644 primitius
309 559 341 614 et
364 549 508 612 decimus
543 546 702 627 omnium,
731 560 815 626 quae
841 535 1045 612 habebat,
1082 525 1186 590 dedit.
1223 524 1283 598 lut}

130 665 201 728 loco
224 669 343 723 terram
371 652 548 716 deosculati
571 667 694 732 sumus,
717 658 751 711 et
771 641 1027 726 indulgentias
1067 633 1138 715 st)
1167 631 1270 708 receptu.

131 777 163 832 et
194 767 339 846 fecimus,
367 757 463 842 Juxta
495 755 582 840 quod
610 757 755 818 hortatur
783 747 987 835 Apostolus
1025 741 1139 804 Rom.
1165 733 1195 796 7.
1221 732 1276 794 dim

132 867 309 949 intuemini,
331 871 473 948 quantus
495 857 801 926 hicMelchioedeclr
823 858 876 938 sit,
900 853 973 916 cui
1010 846 1184 910 decimas
1208 836 1279 898 cett.

132 969 317 1060 praecipuis
336 970 502 1032 Abraham
526 965 716 1050 patriarcha.
739 962 791 1025 De
811 961 866 1022 illo
888 958 924 1020 S.
947 943 1258 1018 Melchisedechl

134 1096 233 1163 snpra
263 1077 317 1140 iol.
353 1075 430 1144 116.
455 1075 492 1136 B.
546 1073 599 1134 Ab
626 1071 682 1133 illa
714 1065 839 1150 capella
868 1060 1131 1125 transivimus
1166 1049 1206 1112 ad
1230 1035 1283 1108 urrl

133 1186 224 1250 chori
246 1182 422 1264 ecclesiae,
445 1197 544 1260 snpra
563 1176 604 1239 ad
624 1176 771 1238 dextram
793 1176 981 1254 gyrantes,
1015 1171 1060 1224 et
1102 1159 1205 1238 longe
1222 1147 1283 1230 latai

134 1308 194 1374 per
214 1289 377 1350 civitatem
398 1285 563 1366 respicere
583 1290 780 1364 peteremus,
803 1281 836 1337 et
854 1271 1079 1335 distantiam
1114 1283 1138 1326 a
1161 1269 1256 1344 porte.
1267 1261 1283 1334 pl

135 1409 231 1478 quem
254 1392 410 1455 Dominus
438 1391 540 1452 Jesns
572 1405 645 1450 cnm
675 1401 772 1447 cruce
803 1379 940 1443 eductus
979 1377 1141 1451 fuerat,
1178 1351 1283 1445 usanl

138 1508 275 1562 montem
299 1495 482 1579 Calvariae,
505 1477 624 1577 optime
645 1499 756 1553 notare
776 1493 975 1572 poteramus.
1282 1461 1283 1490 ¹

110 1774 117 1798 ,
187 1701 331 1780 Atrium
357 1712 442 1780 ante
468 1702 663 1781 ecclesiam
694 1697 813 1776 saneti
838 1691 1040 1798 sepulchri
1081 1687 1187 1763 haee
1208 1677 1283 1800 lou,

312 1823 432 1920 habet,
455 1833 492 1902 et
516 1825 555 1900 in
581 1848 627 1901 eo
653 1831 749 1914 suut,
774 1845 865 1920 quae
889 1821 1130 1916 sequuntur.

224 2009 288 2070 His
309 2010 391 2072 visis
407 2007 634 2071 descendimus
655 2023 714 2088 per
724 2000 856 2086 gradus,
877 2019 936 2082 per
961 2013 1058 2082 quos
1079 1982 1272 2055 ascendffll'

141 2113 176 2174 in
198 2113 309 2194 templi
335 2113 467 2196 atrium,
496 2121 530 2174 et
558 2129 659 2195 prope
683 2112 801 2173 ostium
813 2113 1015 2169 monstratus
1044 2101 1118 2164 fuit
1139 2082 1271 2159 ueruto

140 2216 270 2299 quidem
291 2218 522 2302 inpavimentc
547 2216 629 2299 (B),
652 2215 704 2278 oni
727 2221 818 2275 eraut
839 2212 1002 2293 impressa
1015 2201 1176 2284 vestigia
1193 2192 1273 2254 duom

140 2322 258 2405 pedum
278 2325 427 2405 hominis,
449 2339 489 2384 ac
509 2323 539 2383 si
559 2323 655 2384 homo
676 2327 778 2382 staret
798 2333 897 2398 super
918 2330 1072 2376 massam
1093 2320 1189 2371 certe
1202 2289 1267 2358 Μὰ

143 2437 176 2490 et
196 2429 298 2510 pedes
332 2433 497 2513 inliguret,
528 2436 559 2488 et
581 2425 709 2490 videtur
736 2421 927 2503 manifeste,
959 2419 1053 2503 qued
1093 2415 1213 2495 figurae
1233 2395 1270 2458 '¹¹¹¹‘

142 2534 355 2616 vestigiorum
391 2553 456 2598 uon
490 2539 569 2596 sunt
603 2529 778 2592 artificiose
818 2523 916 2608 lapidi
942 2525 1095 2604 incisae,
1126 2512 1186 2578 sed
1206 2504 1283 2583 ‘llll

142 2638 375 2719 miraou103de
399 2657 462 2722 quo
484 2647 593 2702 temen
614 2634 850 2698 nullahabetnr
871 2628 1038 2692 certitudo.
1065 2563 1283 2700 niemttmol

144 2741 230 2825 quod
251 2743 393 2822 vestigia
412 2743 469 2804 ille
492 2744 559 2805 sint
580 2741 710 2805 Domini
729 2738 812 2801 ‚Iesu
832 2734 879 2798 ibi
899 2734 1017 2796 stantis
1037 2733 1106 2795 sula
1138 2738 1207 2804 rupe
1222 2708 1264 2774 ω·

144 2844 265 2924 variae,
287 2851 322 2904 et
341 2861 433 2907 snam
453 2847 692 2910 crucifixionem
703 2839 937 2925 exspectantis.
958 2838 1046 2900 Ante
1071 2839 1160 2902 hunc
1178 2817 1268 2906 lapideo

146 2947 382 3030 prostravimus
397 2969 468 3034 nos,
490 2960 524 3014 et
544 2957 662 3014 sancta
690 2947 869 3012 deosculati
896 2961 1009 3006 snmus
1037 2938 1189 3022 vestigia.
1220 2917 1263 2986 loir

146 3058 384 3135 corrsequenter
404 3058 624 3137 processimus
646 3073 747 3138 prope
768 3055 890 3114 exitum
912 3046 954 3111 de
975 3049 1057 3110 atrio
1067 3093 1080 3130 ,
1107 3053 1141 3108 et
1157 3043 1188 3102 in
1203 3033 1268 3094 loru

146 3159 306 3243 venimus,
324 3160 380 3222 nbi
387 3159 545 3226 Dominus
567 3161 716 3244 bajulans
736 3159 800 3224 sihi
824 3168 956 3238 crucem
976 3169 1114 3236 gravem
1129 3144 1224 3212 dicitnr
1231 3125 1263 3192 ill

147 3285 245 3332 cruce
264 3266 428 3330 corruisse
446 3287 523 3351 pree
536 3267 689 3350 augustia
710 3273 743 3327 et
763 3264 904 3344 horrore,
928 3278 1003 3324 cnm
1021 3257 1161 3322 vidisset
1178 3249 1267 3308 anton

148 3395 258 3458 rupem
281 3370 468 3458 euverico,
498 3381 535 3436 ut
562 3390 661 3456 supra
689 3373 794 3454 potuit
820 3366 875 3430 fol.
902 3365 957 3428 ¹92.
1008 3365 1072 3426 llic
1102 3363 1185 3424 locus
1206 3353 1283 3492 Ἣ

148 3481 297 3560 signatus
317 3484 370 3540 est
390 3475 513 3562 lapide,
533 3480 566 3540 in
586 3496 681 3562 quem
703 3474 826 3537 multae
852 3487 967 3534 cruces
999 3475 1077 3532 sunt
1102 3465 1212 3530 incisu
1229 3457 1266 3528 ΡΗ

149 3581 347 3664 peregrinos.
389 3581 487 3646 Hunc
508 3599 587 3666 ergo
608 3582 715 3645 locum
737 3576 916 3642 deosculati
937 3591 1049 3638 sumus
1081 3583 1114 3638 et
1143 3557 1261 3640 irrogo

149 3685 213 3746 ties
236 3685 319 3768 (ἦ)
340 3685 506 3767 plenariae
530 3687 732 3752 remissionis
754 3681 947 3766 accepimus.
1282 3757 1283 3760 Ἴ

296 3927 476 4006 Palatium
499 3933 600 4033 regis
624 3933 831 4012 Jerusalem
848 3935 961 4033 juxta
987 3927 1160 4030 templum.

234 4110 315 4174 l’ost
335 4111 422 4176 haec
441 4109 484 4170 de
507 4114 589 4176 atrio
609 4113 769 4176 exivimus
798 4119 833 4174 et
853 4112 1031 4174 iusinistra
1051 4087 1250 4193 pcrtceotlll¹th

150 4230 208 4290 per
236 4211 354 4274 ostium
382 4208 544 4292 quoddam
572 4214 713 4290 ingressi
738 4217 773 4277 in
799 4217 927 4280 lrortnrrr
964 4212 1122 4297 quendem
1149 4205 1250 4278 seduli

1281 4293 1283 4414 l
