2608 4842
717 175 783 244 000

255 365 292 426 10
313 361 436 448 pariete
456 367 543 426 retro
563 365 685 444 petram
708 361 855 424 sanctam
880 368 930 422 est
949 359 1083 442 pictura
1117 375 1215 422 nova
1226 406 1236 444 ,
1264 363 1301 420 ri.

174 470 323 553 pretioso,
346 465 511 550 crucifixi,
533 467 649 528 000100
660 463 818 550 Virginis,
834 473 867 526 et
877 463 911 526 S.
923 463 1090 527 Johmnis
1100 465 1302 546 Euangeliou

174 575 309 638 Fuimus
331 590 408 656 ergo
428 573 463 634 iu
485 576 594 634 moute
616 567 790 634 Calvarieo
811 587 885 633 cum
906 571 1130 651 processione
1167 570 1244 652 plus
1264 589 1301 650 qu

174 699 232 764 per
252 679 374 761 horam,
396 677 535 740 orationi
556 683 588 738 et
610 674 775 740 devotioni
796 683 953 740 vacantes
975 683 1007 736 et
1028 682 1102 736 erat
1116 675 1257 757 profuso
1276 695 1297 735 r:

175 785 268 871 quasi
288 785 344 846 lx.
366 783 447 847 hora
467 789 542 844 aute
564 778 839 867 mediumquoctis.

216 891 268 952 De
287 889 360 974 ipsa
391 887 536 950 scissura
562 886 596 948 iu
617 889 830 968 persuasione
861 883 902 948 ad
923 883 1110 948 Soldouum
1134 882 1245 946 Nicoi.
1269 882 1292 944 de

292 991 382 1058 Cuoe
401 988 497 1056 tradit
518 991 600 1056 libro
622 993 678 1062 111.
701 1009 771 1076 cap.
796 988 846 1054 17.
871 989 912 1053 do
933 990 1061 1053 editore
1081 989 1224 1052 Alchor.

176 1283 386 1389 Descriptio
420 1282 553 1362 montis
586 1281 803 1376 calvariae,
829 1290 869 1358 et
899 1285 982 1382 ejus
1019 1281 1234 1387 dispositio.
1263 1280 1302 1354 11.

544 1402 610 1480 101.
636 1402 724 1478 130.
750 1413 789 1479 ct
817 1403 988 1479 1010οι1.

262 1585 548 1651 0010000010000
572 1605 637 1650 nou
660 1586 779 1650 dicitur
800 1588 834 1650 10
845 1585 1014 1668 Scriptura
1036 1605 1148 1670 mous,
1172 1586 1232 1650 sod
1249 1587 1303 1647 solu

178 1691 322 1774 vulgaris
344 1692 462 1756 locutio
483 1693 589 1776 ipsum
612 1691 915 1776 montemappellat,
937 1710 1010 1754 cunr
1031 1701 1146 1755 tamen
1172 1694 1207 1755 iu
1221 1693 1303 1754 morin¹

179 1815 272 1859 mous
293 1814 359 1860 nou
381 1799 442 1880 sit,
481 1795 540 1860 sed
556 1799 710 1880 scopulus
732 1805 787 1860 aut
808 1815 923 1881 rupes,
944 1797 1188 1881 aliquantisper
1211 1799 1303 1860 010το

179 1921 200 1966 0
220 1910 317 1985 terra,
339 1911 494 1966 ettamen
515 1902 1037 1966 0001000001011001100001110000
1056 1902 1303 1966 0000000100

179 2018 216 2070 nt
235 2015 324 2090 patet
357 2009 391 2071 iu
412 2007 525 2092 figura
577 2006 708 2089 Rupes,
743 2024 836 2071 mous
872 2015 905 2072 et
931 2009 1022 2074 locus
1051 2007 1116 2074 fuit
1158 2010 1301 2090 abactio

181 2113 279 2176 00100
299 2113 503 2195 venerabilis,
527 2111 602 2195 quia
622 2112 667 2174 ibi

344 2286 470 2370 Adam,
492 2287 613 2371 primus
636 2302 770 2368 pareus,
793 2285 854 2350 fuit
870 2287 905 2350 iu
929 2303 968 2348 eo
989 2295 1157 2371 mortuus,

347 2393 513 2456 Abrohom
535 2411 556 2456 a
576 2391 820 2455 Melchisedech
843 2391 1041 2474 benedictus,

345 2499 441 2562 Isaac
459 2516 480 2561 0
500 2507 592 2582 patre
612 2498 677 2560 huc
697 2496 739 2560 ed
759 2495 987 2560 immolandum
1009 2495 1139 2580 ductus,

346 2601 490 2685 Serpens
511 2621 632 2666 aeneus
653 2603 707 2666 hio
728 2601 791 2666 1011
811 2602 1001 2685 collocatus,

343 2705 501 2771 Dominus
522 2708 624 2772 Jesuo
648 2708 703 2772 hic
723 2715 775 2772 est
796 2709 969 2774 crucifixus
991 2715 1025 2771 et
1048 2713 1224 2790 mortuns;

185 2905 249 2950 nou
271 2887 358 2970 quod
388 2905 481 2952 mous
503 2887 675 2954 Calvariae
699 2891 844 2954 coutiuet
870 2907 1021 2974 mnguem
1049 2888 1194 2952 civitatis
1214 2899 1302 2972 parta

185 2991 294 3056 110000
316 2989 488 3080 1101001100
517 2996 616 3058 totius
636 2994 748 3079 templi
778 2996 919 3077 spatium
940 2994 1098 3078 designat.
1142 2995 1246 3078 Rupis
1266 2993 1287 3056 C

185 3097 297 3160 variae
317 3098 441 3159 tautum
459 3108 620 3164 sustentat
643 3119 783 3165 crucem.
827 3101 927 3165 Porro
949 3109 1024 3162 onte
1044 3099 1187 3164 civitatis
1212 3100 1302 3182 ampli

185 3203 305 3266 tionem
326 3203 417 3265 stetit
450 3203 504 3268 hic
526 3205 680 3288 scopulus
702 3225 744 3269 ex
765 3208 912 3290 opposito
943 3206 1026 3270 muri
1056 3207 1215 3288 civitatis,
1250 3221 1301 3286 sapt

187 3308 363 3392 marginem
382 3309 549 3392 voraginis
573 3310 769 3393 profundae,
809 3331 893 3396 quae
913 3313 1078 3376 civitatem
1099 3329 1122 3374 0
1145 3321 1235 3393 porte
1255 3309 1301 3373 ooo‘

187 3413 309 3477 deutali
337 3414 505 3498 cingebat,
527 3421 683 3497 utsupra
710 3417 777 3480 dixi
799 3417 853 3481 fol.
878 3419 956 3500 114,
977 3415 1020 3479 Δ.
1042 3415 1082 3486 Β,
1123 3415 1166 3480 Et
1186 3436 1248 3479 nou
1272 3429 1301 3478 ort

187 3517 325 3601 iongea
352 3538 442 3583 muro
472 3519 632 3602 civitatis,
665 3523 743 3603 qnia
775 3522 848 3605 ipsa
879 3540 1002 3606 vorago
1032 3519 1189 3605 profunda
1217 3519 1301 3604 quide

188 3629 273 3703 erat,
296 3621 441 3688 sednon
461 3623 543 3687 0000
569 3622 654 3706 lata,
677 3627 754 3708 quin
776 3626 817 3690 de
838 3645 928 3691 muro
950 3645 1024 3691 curn
1044 3625 1150 3710 lapide
1181 3639 1300 3711 usque·

187 3727 292 3808 ipsum
313 3729 480 3813 scopulum
492 3726 663 3792 Culvariae
680 3733 753 3814 quis
769 3729 881 3813 jacere
901 3734 1071 3816 potrusset.
1093 3729 1193 3809 oum
1207 3745 1300 3814 magn

188 3836 296 3893 autem
327 3831 423 3896 fuerit
443 3833 618 3916 scopulus,
654 3853 718 3897 nou
746 3844 854 3919 potest
884 3837 969 3900 bene
1001 3836 1086 3899 sciri.
1130 3834 1194 3900 Sed
1219 3837 1300 3898 hoco

188 3938 260 4018 ipsa
275 3935 385 4018 templi
406 3945 569 4000 structura
589 3946 690 4024 patet,
713 3941 798 4024 quod
821 3941 922 4024 major
944 3942 1050 4026 fuerit,
1064 3957 1157 4024 quam
1178 3941 1300 4004 nunoed

187 4042 264 4123 quia
283 4056 421 4102 necesse
441 4048 511 4102 erat
526 4041 559 4102 iu
572 4044 847 4110 circumductione
865 4048 946 4112 muri
958 4055 1083 4129 partem
1102 4045 1142 4108 de
1157 4065 1192 4108 eo
1205 4046 1299 4108 deum

187 4146 230 4207 Et
252 4143 400 4226 quamvis
422 4160 519 4222 rupes
550 4145 605 4207 illa
626 4167 727 4232 propo
759 4171 884 4214 murum
917 4151 1028 4234 fuerit,
1060 4157 1098 4213 ut
1119 4149 1193 4234 dixi,
1222 4139 1299 4232 longo]

189 4257 295 4308 tamen
333 4251 402 4305 erat
442 4245 599 4308 circuitus
632 4267 652 4308 0
687 4249 889 4337 lithostroto,
929 4256 984 4320 ubi
1022 4255 1174 4318 Dominus
1210 4273 1299 4318 crocu
