2716 4798
14 415 276 480 utredim'lnn
301 422 489 497 gramm,
510 409 590 474 nihil
616 421 725 474 tamen
746 426 945 476 venenosum
965 413 1000 476 ln
1022 429 1063 475 ea
1077 415 1226 496 generari

14 530 71 584 ut
99 521 244 583 vivere
264 528 382 602 potest.
423 519 473 582 lbi
495 517 581 580 enirn
601 535 667 579 non
684 526 760 580 must
780 517 985 601 scorpiones,
1005 535 1069 582 nee
1084 519 1227 602 viperae,

14 643 86 686 tec
139 623 308 706 bufones,
346 639 408 684 nec
439 639 569 684 vermes
603 622 794 704 perniciosi,
826 639 888 684 nec
928 639 1075 686 manue.
1128 621 1227 706 Aqua

14 747 195 812 iamque
224 727 323 790 maris
354 745 486 790 venene
523 726 671 810 depellit,
708 726 888 809 scorpionis
922 737 1081 809 ‘puuctum
1118 736 1225 810 sanat,

14 837 242 916 ripen-arum
263 841 297 894 et
317 840 505 915 serpentum
537 849 664 894 morsus
684 841 792 913 curat,
820 839 854 893 et
875 831 1023 894 omnibus
1053 835 1226 896 venenatis

14 938 277 1002 consumimur.
318 935 362 998 lllt
381 936 447 998 nisi
467 933 577 997 divina
605 935 809 1018 providentia
829 936 881 998 sic
907 935 1109 1017 ordinasset,
1129 953 1227 1000 serso

14 1047 53 1105 lu
83 1043 239 1124 maguis
260 1048 295 1102 et
316 1039 462 1121 udonis
482 1041 620 1104 nauibus
641 1057 773 1104 manere
792 1049 919 1125 masat.
950 1039 1107 1122 Magnum
1128 1040 1226 1105 nien

14 1146 199 1210 taedium
221 1153 274 1210 est
298 1144 479 1227 peregrinis
503 1147 539 1208 irr
559 1147 716 1208 stratione
740 1144 932 1232 lectulorum
952 1161 1045 1227 sera,
1076 1151 1109 1206 et
1130 1160 1227 1208 mese

14 1250 310 1334 recolligetinne.
351 1249 451 1312 Bure
471 1251 558 1312 euim
578 1249 731 1312 lectulum
751 1267 825 1313 cum
846 1249 1098 1331 linteaminibus,
1117 1250 1228 1314 cerri-

14 1355 199 1435 munta,
233 1361 268 1414 et
300 1356 494 1434 tegumentis
524 1354 659 1438 quilibet
692 1355 826 1438 colligat
851 1354 947 1438 lune,
978 1362 1011 1416 et
1032 1352 1072 1415 ad
1097 1352 1227 1417 clavum

14 1477 156 1544 super
171 1465 277 1540 captu
297 1475 391 1522 sunm
411 1458 446 1520 in
465 1460 589 1540 pariete
612 1462 707 1524 navis
733 1459 866 1523 infixum
888 1455 1074 1542 suspendit,
1105 1465 1142 1520 ut
1167 1472 1227 1538 per

20 1566 141 1628 diem
160 1563 205 1626 sit
220 1563 264 1624 ini
287 1561 368 1626 liber
389 1565 562 1649 transitus,
583 1575 617 1628 et
637 1584 710 1629 sero
731 1565 848 1628 iterum
869 1565 1002 1648 deponit
1022 1572 1059 1626 et
1079 1561 1226 1645 resolvit,

23 1680 72 1734 et
101 1667 174 1734 sini
201 1669 333 1732 stemitr
364 1675 398 1730 et
426 1667 490 1730 lrec
520 1669 618 1733 habet
646 1689 796 1754 magnam
828 1669 973 1754 latlgm
1016 1667 1226 1734 Galiatsronr

26 1771 231 1842 infidelitas
252 1781 286 1836 et
314 1773 475 1856 rapacitas
501 1773 638 1838 molesta
659 1784 711 1838 est
731 1775 929 1859 peregrinis,
958 1775 1035 1859 quia
1063 1775 1105 1839 de
1135 1773 1227 1838 nulla

28 1899 78 1944 re
106 1879 333 1961 securi-sunt,
355 1875 510 1962 quique
530 1878 661 1962 galiota
681 1877 911 1963 apprehendit,
930 1879 994 1942 hoe
1016 1881 1109 1962 rapit.
1147 1877 1227 1942 ldso

29 1983 302 2067 prohibitionem
319 1983 441 2046 droant
461 1982 627 2067 galiotae,
660 1983 747 2068 quod
767 1983 877 2048 nullus
903 1983 1002 2047 audet
1030 1985 1063 2046 in
1085 1983 1227 2046 carium

34 2087 257 2154 descendere
277 2087 319 2150 ad
340 2090 473 2152 cumbas
494 2089 754 2174 peregrinorum,
785 2105 850 2152 neo
868 2089 978 2154 vocati
1000 2106 1021 2152 a
1045 2087 1228 2172 peregritrls

34 2195 125 2260 ausi
147 2203 225 2258 amr
244 2191 451 2306 descendere.

39 2356 307 2452 Avisamenta,
336 2383 360 2434 a
385 2355 513 2456 quibus
537 2379 581 2432 se
605 2353 716 2432 debet
739 2356 956 2472 peregrinus
979 2355 1165 2434 custodire
1189 2363 1229 2434 et

376 2479 511 2531 cavere
533 2454 572 2528 in
598 2455 687 2530 mari
711 2454 904 2553 navigans.

138 2639 337 2722 Peregrinus
359 2645 466 2701 terrae
486 2643 622 2700 sanctae
643 2655 708 2699 non
730 2635 835 2700 solum
858 2631 954 2700 debet
975 2653 1103 2718 cavere,
1124 2651 1166 2698 ne
1186 2633 1230 2698 sit

42 2747 195 2812 vitiosus
216 2744 342 2827 animo,
374 2751 408 2804 et
427 2761 470 2805 ne
491 2743 618 2806 animae
638 2741 784 2825 pericula
804 2743 963 2806 incurrat:
986 2739 1046 2805 sed
1068 2741 1165 2804 etiarn
1186 2757 1229 2804 ne

44 2854 96 2916 sit
120 2851 428 2930 incircumspectus,
466 2855 503 2910 ut
542 2865 607 2911 non
637 2849 781 2910 incurrat
812 2851 900 2912 vitae
936 2855 969 2912 et
999 2848 1143 2932 corporis
1175 2847 1228 2910 sul

46 2957 184 3020 damna.
218 2949 294 3034 (55
303 2951 357 3035 A)
396 2952 474 3015 ldeo
504 2953 568 3016 hoc
596 2955 630 3015 in
661 2951 732 3015 loeo
767 2972 888 3038 ponere
920 2953 995 3016 volo
1027 2955 1230 3017 avisamenta

47 3059 238 3146 peregrino,
260 3055 575 3140 maratansfretanti,
596 3059 800 3121 necessaria:
821 3078 886 3122 non
909 3059 1037 3143 quidem
1059 3057 1124 3141 illa,
1145 3075 1229 3140 quae

48 3165 218 3252 pertinent
238 3161 487 3230 admedicorum
509 3161 808 3246 considerationem,
823 3163 884 3226 aad
906 3183 955 3247 ea,
974 3182 1059 3246 quae
1079 3169 1230 3246 spectant

53 3269 102 3333 ad
120 3269 293 3331 arnicorum
313 3268 583 3352 ammonitionem,
597 3277 638 3331 'et
662 3287 746 3352 quae
768 3269 967 3351 experientia
988 3267 1095 3331 didici.
1129 3263 1231 3328 Com-

53 3375 196 3439 munitar
216 3373 304 3434 enim
322 3371 440 3434 medici
457 3373 595 3434 suadent
614 3375 805 3456 peregrinis,
818 3381 854 3434 ut
870 3381 1009 3434 caveant
1024 3388 1045 3432 a
1062 3369 1230 3454 fructibus,

14 3511 16 3554 ι
56 3499 81 3543 a
103 3485 178 3561 potu
200 3471 324 3557 aquae,
356 3475 397 3538 ab
419 3477 495 3535 aere
515 3477 658 3556 marino,
679 3495 699 3537 a
719 3473 882 3558 piscibus3
916 3481 947 3535 et
970 3471 1229 3538 contractiores

58 3585 146 3650 haec
165 3579 354 3660 conferunt,
379 3587 412 3638 et
430 3577 685 3658 eontratngora
704 3577 763 3640 illa
783 3578 980 3641 ministrant:
1002 3587 1115 3644 corrtra
1135 3578 1229 3646 sitem

14 3725 18 3766 ,
58 3693 98 3750 et
117 3689 229 3744 eontra
249 3682 529 3762 constipationem,
552 3683 590 3744 et'
605 3689 718 3744 contra
740 3681 864 3744 ventris
886 3681 1016 3749 nimiam
1035 3685 1230 3752 laxationem

14 3833 18 3880 ,
61 3791 193 3856 diversa
215 3779 358 3846 remedia
388 3783 544 3850 innuunt:
576 3793 609 3848 et
631 3796 743 3852 eontra
769 3788 961 3872 vertiginem
984 3799 1018 3856 et
1038 3791 1080 3854 ad
1100 3811 1231 3876 promea

63 3891 203 3960 candum
226 3888 420 3976 appetitum,
454 3897 486 3954 et
513 3895 625 3956 contra
653 3913 795 3958 venena:
827 3893 944 3959 atalia
972 3897 1075 3962 multa
1103 3896 1181 3960 dant
1199 3904 1232 3958 et

14 3965 19 4090 ἰ
63 3998 196 4064 suadent
237 3995 397 4079 navigare
438 3983 659 4085 uolentiinsp
679 4018 763 4088 quae
805 4009 893 4065 certe
923 4002 1067 4068 solobria
1095 4011 1128 4066 et
1148 4002 1233 4064 bona

14 4143 19 4190 t
67 4112 146 4187 sunt,
165 4109 201 4166 at
227 4099 365 4168 medicis
386 4105 589 4190 sequelam
577 4112 612 4171 ni
632 4105 685 4172 nis
713 4117 880 4194 praestare
901 4109 1057 4172 rationale
1078 4113 1137 4167 est.
1158 4103 1233 4162 Hoc

14 4237 19 4302 3
70 4215 173 4270 tamen
192 4206 298 4275 fateor
318 4227 373 4274 me
393 4211 535 4278 sitiisse.
559 4215 637 4278 novi
658 4211 1042 4312 quosdamperegrinos,
1068 4205 1234 4284 quisenta
1272 4294 1275 4302 V

14 4311 234 4395 diligente
256 4321 289 4376 et
311 4315 421 4378 studio
439 4316 593 4381 mandata
610 4305 807 4382 medicorum
827 4316 1004 4380 servabant
1015 4350 1025 4386 ,
1047 4299 1134 4381 quod
1154 4297 1234 4360 nihil
