2608 4842
672 195 737 262 268

124 461 183 539 De
209 461 303 553 loeo,
325 460 362 535 in
388 485 458 564 quo
483 459 655 541 Christus
685 483 883 562 resurgens
915 464 1114 542 oecurrit
1134 459 1261 534 mudieu'l

553 582 707 660 dieens:
731 585 869 660 Arete.

205 765 299 830 Visis
337 765 406 848 jam
434 765 531 829 dietis
562 763 604 827 de
630 768 825 832 monasterio
856 770 1008 853 egressi
1062 784 1185 830 sumus
1218 776 1273 848 etp

125 873 234 934 vinnm
255 871 393 952 ulterius
414 872 643 955 processimus,
666 881 700 934 et
720 873 821 936 invia
841 873 884 938 ad
904 875 1042 938 locum
1056 871 1221 956 quendam
1236 873 1273 932 rei

125 994 209 1060 mus,
231 978 287 1038 ubi
308 978 343 1038 in
363 977 492 1058 publiea
512 985 616 1039 strata
636 976 722 1059 lapis
744 996 882 1062 magnus
903 987 1068 1042 erectus
1104 977 1218 1040 stabat.
1255 973 1273 1050 b

123 1080 197 1144 ideo
220 1082 260 1144 ab
281 1082 421 1165 antiquis
443 1079 636 1144 Christianis
655 1083 700 1145 ibi
722 1093 774 1146 est
790 1083 927 1168 loeutus,
958 1086 1058 1168 quia
1080 1083 1120 1147 in
1143 1081 1198 1144 illo
1216 1079 1273 1140 lent

124 1189 158 1248 in
178 1189 244 1250 ista
263 1187 319 1250 via
337 1189 484 1270 apparuit
505 1187 653 1252 dominus
682 1189 785 1252 tribus
813 1190 928 1255 Mariis
974 1209 1003 1252 a
1043 1193 1273 1250 monumentor

123 1292 333 1374 vertentibus,
355 1289 397 1355 ad
418 1311 501 1378 quos
523 1292 620 1357 dixitz
642 1294 760 1356 Avete.
805 1295 944 1358 stillae
974 1299 1190 1380 prostratae
1217 1299 1274 1368 tem

124 1406 200 1462 runt
221 1397 323 1481 pedes
351 1397 443 1480 ejus,
471 1407 508 1461 ut
542 1399 679 1462 babetur
709 1397 869 1462 Matthaei
888 1402 942 1466 28.
981 1400 1048 1478 ‚Ins
1076 1415 1163 1482 ergo
1183 1403 1274 1478 prostn

125 1503 231 1567 loeum
272 1503 484 1584 vestigiorum
526 1502 651 1568 Christi
695 1503 875 1570 deoseulati
916 1521 1054 1569 sumus
1109 1513 1147 1566 et
1177 1499 1271 1582 lapideo.

125 1617 158 1672 et
183 1607 401 1689 indulgentias
434 1609 619 1690 aeeepimus
653 1611 719 1692 (lp).
765 1607 936 1688 Quondam
966 1612 1084 1674 stetit
1115 1609 1162 1671 ibi
1188 1603 1274 1666 ecclei*

125 1729 251 1794 magna,
274 1731 371 1795 quam
391 1709 563 1778 Sarraceni
585 1714 824 1797 destruxerunt,
846 1718 931 1779 sieut
953 1727 991 1780 et
1031 1715 1131 1778 alias
1160 1711 1266 1772 eoololt

126 1821 221 1894 iuxta
241 1819 327 1881 hune
350 1817 490 1900 lapidem
508 1829 562 1884 est
582 1822 639 1884 via
658 1822 787 1905 publiea
808 1820 849 1883 de
880 1831 995 1884 monte
1021 1819 1130 1903 Syon
1152 1811 1262 1894 (loll

125 1919 166 1983 ad
188 1921 392 2004 sepulchrum
407 1921 548 2008 Domini,
574 1927 620 1989 ita
642 1927 728 2010 qnod
751 1925 889 2008 singulis
902 1925 1026 1992 diebus
1052 1919 1274 2046 peregriuilntp

126 2023 233 2090 laeum
262 2030 511 2112 pertransibant,
542 2049 604 2114 ego
639 2031 834 2114 quaudoque
859 2050 925 2094 una
950 2031 1010 2096 die
1047 2031 1084 2093 6.
1120 2029 1231 2092 vioibus
1247 2023 1274 2082 b*

126 2133 332 2212 pertransivi.
390 2133 451 2196 Est
489 2143 598 2198 autem
633 2138 873 2220 peregrinorum
913 2141 1070 2200 omnium
1105 2113 1274 2254 consuetudo*

126 2233 212 2316 qnod
247 2237 396 2318 quotiens
434 2239 574 2322 aliquem
602 2241 707 2306 looum
742 2250 890 2305 sanetum
924 2247 1184 2325 pertranseunt,
1209 2235 1274 2328 etur,

125 2348 217 2406 extra
238 2341 397 2406 actualem
419 2343 631 2408 intentionem
653 2345 808 2408 visitandi
829 2345 1044 2430 loeasanote,
1058 2347 1179 2410 totiens
1196 2339 1274 2400 loelli

125 2442 353 2510 deosculantur
373 2452 407 2510 et
427 2449 561 2513 vadunt.
584 2449 641 2514 Sie
664 2467 753 2532 ergo,
774 2452 923 2534 quotiens
937 2453 1088 2536 lapidem
1111 2445 1261 2534 praedictus

127 2551 405 2638 pertransivimus,
429 2556 550 2619 totiens
581 2575 655 2620 eum
688 2556 975 2643 deosculabamur,
1010 2557 1103 2644 quod
1134 2541 1257 2616 sarrana

127 2664 306 2737 cernentes,
334 2660 389 2739 qui
420 2677 463 2722 ex
486 2662 634 2743 opposito
666 2663 871 2725 morabantur
902 2663 1021 2746 lepidis
1055 2665 1091 2726 in
1121 2656 1258 2733 domo,tl

126 2754 291 2820 devotioni
312 2763 552 2843 peregrinorum
574 2767 759 2830 invidentes
786 2776 883 2829 noete
903 2771 1008 2850 ipsum
1031 2751 1170 2852 lapidem
1188 2759 1255 2838 litui·

126 2861 221 2922 laetis
243 2861 392 2926 humanis
411 2869 608 2933 stereoribus
630 2871 849 2954 perfuderunt,
872 2891 946 2936 eum
968 2877 1116 2938 totaliter
1138 2863 1256 2932 foedant·

126 2974 210 3046 ΝΜ,
233 2974 265 3028 θῑ
286 2968 332 3029 ita
352 2967 585 3038 deosculationi
602 2978 848 3040 abominabilem
861 2977 1078 3042 reddiderunt.
1100 2977 1253 3042 1stotann

125 3089 190 3134 non
209 3073 359 3135 obstante
371 3075 499 3158 quidam
515 3082 706 3164 peregrinus
720 3084 925 3145 vestimentis
947 3086 1018 3148 suis
1046 3081 1179 3168 lapidem
1198 3065 1255 3133 teni

126 3176 160 3238 in
182 3176 246 3240 loei
267 3185 361 3261 parte
382 3179 616 3248 deosculationi
637 3195 733 3268 apta:
756 3189 859 3250 etita
881 3187 985 3251 looum
1008 3209 1073 3254 non
1095 3187 1197 3260 minus,
1214 3173 1251 3234 illl

125 3282 159 3346 in
187 3284 424 3350 confusionem
445 3285 696 3354 sarracenorum
730 3292 867 3374 amplius
899 3295 1141 3358 venerabamur
1182 3283 1275 3344 lstrnt

126 3387 313 3472 despectum
342 3391 490 3458 iecerunt
511 3396 603 3459 nobis
623 3395 794 3460 Sarraoeni
814 3399 848 3458 in
870 3399 978 3464 multis
1011 3402 1091 3465 loeis
1116 3379 1249 3460 sanetisil

124 3489 306 3558 Jerusalem
329 3505 361 3558 et
382 3500 467 3563 alibi.
1272 3479 1275 3586 (

238 3738 323 3813 Arx
347 3739 469 3820 David
487 3746 628 3824 leniens
648 3747 755 3823 finem
778 3751 911 3828 montis
931 3753 1036 3855 Syon
1061 3757 1172 3830 eoum
1272 3677 1275 3796 ι

604 3868 840 3946 occidentem.
1272 3879 1275 3986 l

207 4035 282 4099 Non
303 4037 401 4122 longe
419 4042 554 4108 ulterius
568 4059 679 4112 eontra
708 4053 909 4117 occidentem
922 4057 1123 4140 procedendo
1141 4041 1243 4114 ,olion
1272 4073 1275 4142 1

124 4142 166 4204 ad
190 4160 291 4206 cornu
312 4145 429 4206 montis
450 4146 556 4228 Syon,
579 4151 620 4212 ad
642 4152 737 4214 tinem
764 4158 835 4237 eJ‘us
853 4159 887 4218 in
915 4169 1006 4240 parte
1026 4149 1205 4226 occidental,
1218 4141 1238 4196 0‘

125 4239 169 4302 ibi
190 4253 241 4306 est
261 4263 320 4308 arx
341 4245 459 4312 David.
510 4248 554 4309 nt
575 4251 670 4313 hodie
691 4263 756 4317 stat
777 4260 820 4321 ibi
843 4262 1053 4330 fortissimum
1086 4270 1200 4329 eastun
1220 4245 1240 4302 οἳ
