2736 4768
10 349 11 388 ι
38 356 145 404 nemo
162 345 225 424 est,
237 333 295 420 qni
307 331 544 425 aendattaipnr
555 333 780 418 erogatorem
796 333 948 420 religioso
958 349 1025 402 nur
1036 332 1220 418 munenire,

10 456 12 496 ¹
38 445 191 510 maximo
200 453 309 508 umen
330 442 361 506 si
378 440 638 525 religiosnstalis
657 442 745 507 attin
757 440 887 536 §aliq
908 450 1221 528 qnacoongnenter

10 573 11 602 ι
39 551 206 636 expedite
225 547 368 632 -noqniq
390 547 454 613 nisi
474 548 646 614 moturum
656 555 767 611 rerunt
788 549 987 632 experientia
1005 552 1049 616 sit
1068 550 1221 616 edoctum

10 699 11 704 ,
38 659 134 722 sicut
161 653 636 738 enoidaimpraedioationis,
652 654 974 745 qnmuuquovimm
987 657 1222 741 intelligentem

10 795 11 812 ι
39 763 238 846 scripturas,
260 768 429 844 expertum
448 767 482 823 et
501 763 770 846 imperterritum,
788 761 930 846 requirit.
947 761 1040 828 ῦιιιιι
1059 781 1138 847 ergo
1157 779 1222 846 ega

9 891 10 916 ι
39 869 82 933 F.
104 867 148 932 F.
169 867 210 936 R.
232 866 354 933 ordinis
368 865 641 951 praedicatorum,
661 885 722 950 per
741 868 927 952 superiores
949 885 1040 932 meos
1061 867 1103 932 ad
1122 887 1222 950 prae-

9 1019 10 1024 1
41 973 232 1036 dicationis
237 969 379 1037 odicium
393 972 688 1036 monendomum
699 971 830 1056 missus,
852 982 885 1036 ct
896 981 1222 1057 perpetresnostrae
1272 1041 1275 1048 Δ

39 1078 252 1160 prortinoiae,
267 1096 357 1146 more
378 1078 519 1162 ordiris,
535 1077 738 1161 praedicator
757 1072 919 1160 generalis
941 1080 1156 1162 constitutus,
1179 1095 1222 1142 cx

40 1202 83 1246 eo
104 1193 263 1276 tempore,
286 1199 352 1267 quo
367 1182 558 1265 praedicare
577 1183 730 1247 inchoavi
765 1182 881 1250 Jesum
912 1183 1088 1267 Christum,
1109 1192 1222 1247 natum

41 1290 85 1352 de
106 1290 249 1374 virgine,
271 1303 404 1370 passrrm
422 1297 458 1350 et
478 1297 637 1352 mortuum
665 1289 699 1351 in
721 1304 834 1370 mooe,
863 1292 998 1372 concepi
1026 1289 1222 1354 desiderium

9 1405 10 1440 ³
42 1402 75 1458 et
97 1395 303 1478 propositum
331 1393 464 1458 videndi
484 1394 558 1458 loca
588 1393 644 1457 illa
675 1393 881 1458 sauctissima
900 1394 1100 1477 nativitatis,
1121 1393 1220 1476 vitae,

40 1494 329 1591 mortisque'dm
352 1497 480 1561 Domini
513 1500 631 1566 nostri·
649 1499 841 1564 Salvatoris.
883 1501 926 1564 Et
953 1515 1147 1584 quemqnam
1179 1497 1226 1567 at

8 1613 10 1654 t
40 1603 218 1693 amentitm
236 1603 454 1688 praedicatori
479 1604 697 1668 necessariam
724 1606 806 1668 satis
836 1605 1004 1672 conterant
1025 1602 1221 1668 documenta

8 1705 9 1760 ὲ
41 1708 241 1792 evangelica
261 1715 294 1770 et
315 1709 504 1792 apostolica,
526 1727 610 1792 quae
619 1717 807 1774 sanctorum
828 1710 975 1777 studiosa
999 1707 1221 1773 lucubratione

8 1805 9 1864 l
41 1822 244 1877 exorirentur
275 1813 309 1875 in
336 1811 406 1875 dies
417 1858 429 1898 ,
460 1811 534 1897 (B)
562 1831 602 1877 ac
632 1833 691 1896 per
723 1813 824 1877 divim
855 1814 947 1879 verbi
966 1814 1219 1880 declamationes

8 1953 9 1974 ι
41 1915 222 1991 cottidiana
242 1918 472 2000 explanatione
492 1919 717 1983 elucidanturt
739 1907 815 1983 Nori
837 1939 950 2004 parum
972 1929 1079 1984 tamen
1093 1917 1220 1982 adeam

8 2035 9 2060 ι
41 2022 153 2104 ipsam
172 2019 323 2089 conducit
343 2022 502 2103 dictorum
519 2025 723 2108 peragratio,
749 2031 783 2086 et
809 2023 871 2088 sut
902 2025 1007 2088 oculis
1032 2022 1220 2106 conspectio

8 2165 9 2180 r
41 2127 200 2210 locorum,
221 2128 255 2190 in
277 2129 405 2212 quibus,
424 2145 620 2212 quamquam
641 2147 701 2214 per
720 2127 905 2214 exemplum
926 2128 1023 2214 iacta,
1044 2129 1139 2212 dicta,
1164 2133 1221 2192 aut

41 2250 146 2315 passa
166 2233 354 2310 diotimnm
368 2229 513 2315 legimus
535 2241 591 2298 aut
612 2233 803 2310 audivimps
827 2230 933 2311 Quam
955 2244 1062 2298 autem
1083 2233 1220 2303 multum

44 2340 194 2402 conferat
210 2339 373 2421 inspectio
383 2339 510 2402 illorum
523 2337 666 2402 locorum
679 2346 864 2401 sanctorum
876 2338 917 2400 ad
934 2353 1029 2402 sacra
1038 2337 1220 2420 scripturae

7 2455 8 2488 ι
42 2441 257 2564 intellepqum,
279 2446 475 2519 testatori}
500 2435 926 2525 nmanymusmprorogn
947 2441 977 2506 1
997 2441 1220 2522 Paralipome-

43 2563 122 2630 non,
143 2544 261 2610 ubisic
278 2547 390 2621 Μι-
382 2547 499 2612 Sient
520 2564 712 2632 graecorum
730 2545 884 2610 historias
900 2549 1006 2630 magis
1025 2540 1220 2630 intelligunt,

44 2656 100 2737 qui
122 2653 272 2716 Athenas
293 2651 450 2737 viderint3
474 2661 507 2716 ot
527 2653 656 2715 tertium
673 2650 805 2733 Virgilii
825 2630 954 2734 uirum,
977 2651 1032 2735 qui
1053 2669 1073 2712 a
1093 2647 1220 2712 umato

41 2777 100 2838 par
124 2749 344 2836 Ῑιοίιᾴιιιιιιις
367 2766 404 2822 et
419 2753 664 2820 Acroceraunia
684 2755 726 2818 ad
735 2756 894 2840 Srorlram,
924 2755 1053 2823 atinde
1074 2754 1115 2817 ad
1137 2755 1222 2816 ostia

42 2863 169 2944 tyberis
192 2861 438 2944 navigaverint:
463 2863 514 2935 lta
534 2876 662 2929 meram
680 2862 873 2944 scripturam
889 2861 1026 2924 lucidius
1036 2858 1221 2941 intuebitur,

43 2969 97 3048 qui
120 2966 275 3032 Iudaeam
300 2965 407 3030 oculis
433 2961 669 3049 contemplatus
697 2973 763 3047 est,
795 2973 828 3029 et
858 2960 1222 3049 antiquarum'urbinm

41 3071 225 3148 memorius¹
238 3072 449 3155 locorumque
471 3069 670 3157 cognoverit.
713 3069 816 3135 Unde·
840 3077 874 3134 et
903 3071 997 3134 nobis
1028 3087 1127 3134 curae
1148 3067 1221 3149 tuit,

43 3191 119 3240 oum
148 3175 376 3246 eruditissima
391 3176 602 3240 hebraeomm
622 3173 858 3243 honolaborem
881 3175 1000 3258 subire,
1016 3161 1223 3241 nt'fotroum-

43 3280 198 3344 miremus
219 3281 430 3364 provinciam,
452 3290 549 3362 qnam
575 3280 750 3346 universae
772 3275 933 3344 ecelesiae
951 3277 1077 3343 Christi
1094 3283 1222 3342 sonant.
1258 3279 1270 3300 ·

43 3380 140 3448 Haec
157 3384 213 3448 ille
234 3385 346 3466 (lom.
368 3383 402 3454 3.
422 3383 561 3467 praeno
585 3381 688 3447 altera
718 3384 759 3446 ad
780 3379 952 3471 Domitiou,
984 3380 1058 3445 Fol.
1089 3380 1142 3444 ΞΟ.
1164 3377 1223 3460 O.)

7 3479 8 3482 ’
45 3485 81 3551 Si
104 3487 241 3570 ergfiS.
265 3488 481 3571 Jeronymus,
508 3489 562 3551 vir
577 3487 900 3570 illuminatissimus,
931 3477 1223 3570 ngenimtismus,

44 3591 153 3656 volnit
173 3599 289 3656 sancta
305 3591 379 3655 loca
398 3593 547 3678 circuire,
568 3601 609 3656 ut
630 3572 742 3659 sacras
764 3592 941 3676 scripturas
968 3591 1084 3654 melius
1110 3596 1225 3672 posset

43 3695 238 3780 intelligere,
255 3694 469 3781 quidmirum,
492 3697 522 3761 si
543 3717 605 3782 ego
625 3697 733 3762 etmei
750 3695 884 3779 similes,
896 3695 1013 3780 quibus
1032 3692 1224 3780 etingenio-

7 3887 10 3896 .
46 3797 112 3864 lum
141 3800 232 3882 rude,
255 3799 447 3904 ,autema
474 3802 619 3886 obtusus,
649 3818 803 3866 conentur
832 3817 893 3886 per
928 3799 1067 3863 eundem
1093 3796 1223 3862 modum

48 3904 279 3989 aliquantulam
310 3922 477 3970 sacrarum
506 3907 737 3990 scripturarum
761 3904 1007 3988 intelligentiam
1045 3902 1223 3984 acquirere,

47 4009 239 4088 praesertum
261 4027 336 4073 cunr
362 4011 458 4074 ctiam
486 4029 572 4074 nuno
602 4011 644 4074 ad
677 4009 806 4085 oculum
830 4027 1010 4086 oemamus,
1042 4005 1127 4090 quod
1152 4003 1224 4086 puri

48 4109 259 4196 laici,qaibus
273 4114 365 4180 nulla
379 4116 611 4198 scripturarum
635 4129 803 4178 sacrarum
823 4113 1031 4192 cousuetudo,
1050 4117 1222 4193 postquam

48 4216 283 4301 peregrinando
315 4217 358 4281 ad
375 4217 452 4283 hoa
480 4229 596 4284 sancta
622 4218 858 4300 migraverint,
886 4216 1027 4300 indeque
1058 4207 1222 4290 redierint,
