2644 4786
435 346 442 357 ·
1295 339 1296 366 t

138 397 216 465 une
245 409 404 480 pmsepo
432 371 593 481 tigrem,
623 392 708 478 quot
729 396 855 478 loseph
892 395 1077 456 rannessa
1115 391 1268 476 nisime
1295 367 1296 450 l

138 500 341 588 pmoieotor,
362 507 395 577 et
416 499 572 594 caligulas
593 501 730 584 Joseph,
757 502 925 564 camisiam
950 499 1081 580 longam
1105 499 1270 560 beatrelir-
1295 493 1296 552 ἶ

137 607 224 692 ginis
246 604 409 690 [sumsit],
429 611 463 666 et
485 603 578 668 duxit
597 604 968 690 inCosstantiuopolim,
990 623 1059 666 non
1075 611 1116 666 ut
1125 603 1271 668 Bethlehem

136 711 308 796 spoliamt,
328 707 389 774 sod
410 716 448 772 ut
468 711 564 784 etiam
586 709 651 774 alia
670 711 743 774 loca
761 729 836 776 oum
858 709 1138 797 bethlehemiticis
1170 709 1272 792 reliquiis

136 813 322 882 honoranda
342 813 500 880 moueret.
547 814 661 880 Posuit
672 824 779 878 autem
792 813 961 898 praelatas
979 814 1140 897 reliquias
1152 812 1273 877 Constu-

137 921 271 1004 thropoli
290 921 324 982 iu
350 920 524 982 eeclesiam
545 919 580 981 S.
602 919 764 1005 Sophiae,
792 911 876 1002 qu'ae
903 920 949 981 ibi
983 927 1181 982 manserunt
1204 935 1273 1000 usque

139 1023 182 1090 ed
209 1037 353 1110 tempora
378 1019 488 1093 Caroli
516 1025 640 1106 Magni.
697 1027 761 1086 llic
789 1022 929 1086 Carolus
961 1024 1137 1088 civitatem
1166 1031 1274 1086 sutrim

139 1131 321 1198 Jerusalem
340 1137 374 1190 et
395 1127 610 1210 patriarcham
629 1129 701 1211 ejus
716 1129 910 1190 Zachariam
924 1127 1077 1190 liberavit
1102 1128 1143 1191 de
1155 1137 1276 1211 potestne

139 1237 402 1316 saracenorum,
423 1241 456 1296 et
474 1231 667 1303 Christianis
689 1231 896 1296 orientalibus
917 1251 1034 1316 pacem
1056 1233 1204 1296 reddidit.
1237 1229 1278 1308 Qu

142 1343 217 1413 dnm
236 1359 311 1406 cnm
330 1338 480 1419 excreitn
497 1356 561 1400 suo
583 1339 616 1399 in
634 1335 938 1420 Constantinopolin
959 1337 1127 1422 rediisset,
1147 1337 1278 1422 petivitir

141 1429 337 1513 refusionem
366 1441 511 1509 laborum
541 1428 687 1505 snorum¹
705 1459 864 1524 praesepe
889 1459 964 1508 eum
987 1443 1107 1524 foeno,
1129 1462 1246 1526 panno,
1260 1451 1279 1501 et

140 1550 299 1633 caligulas
318 1556 353 1610 et
376 1531 544 1621 camisiam
565 1547 681 1608 heatae
700 1538 857 1634 Virginis.
899 1549 942 1608 Et
969 1565 1011 1608 ea
1032 1548 1143 1610 omnia
1166 1547 1279 1617 obtinuit,

139 1664 174 1718 ct
196 1653 333 1718 Romam
355 1649 469 1732 ‹luxit3
491 1650 619 1736 menum
638 1649 809 1736 autempod
836 1651 1008 1714 ecclesiam
1044 1653 1170 1713 heatae
1189 1653 1281 1714 hlrnn

139 1756 271 1842 majoris
293 1756 411 1840 posuit,
432 1773 591 1838 praesepe
602 1775 681 1819 vero
701 1749 742 1818 ad
764 1767 911 1820 sanctum
923 1762 1113 1819 sanctorum
1126 1757 1162 1818 in
1175 1756 1283 1818 ecclesii

140 1861 338 1940 lateranensi
363 1860 555 1942 collocavit,
596 1863 761 1950 camisiam
794 1848 901 1926 autem
937 1869 969 1923 et
997 1861 1165 1944 caligulis
1190 1859 1284 1940 ‚loseph

141 1989 181 2034 ac
208 1985 352 2052 pannos,
380 1963 499 2047 quibus
524 1965 692 2029 involutus
722 1965 826 2029 fuerat
847 1985 928 2048 puer
947 1966 1070 2047 JesuS,
1101 1967 1137 2028 in
1158 1965 1285 2028 Aleuae

140 2076 227 2136 itinn
247 2073 379 2136 bassam
406 2061 572 2141 transtulit
602 2089 706 2154 eoque
726 2071 923 2161 Aquisgmni
944 2072 979 2131 in
1000 2070 1183 2136 ecelesiam
1202 2074 1287 2132 beatu

140 2177 299 2260 Virginis,
311 2193 406 2257 quam
424 2161 667 2258 aedificaverat,
683 2178 800 2261 posuit.
845 2177 958 2260 Usque
971 2178 1007 2236 in
1024 2175 1222 2238 hodiernum
1229 2175 1286 2236 dieu

140 2287 360 2349 mmstrantnr
385 2279 429 2342 ibi
459 2292 590 2366 semper
621 2282 655 2342 in
677 2281 743 2346 Vll
769 2300 863 2357 anno.
892 2271 987 2346 Haec
1014 2297 1079 2362 ego
1101 2281 1226 2344 ibidem
1243 2277 1287 2342 rid

141 2405 227 2449 armo
250 2382 342 2450 tter.
932 2375 943 2392 ⁹

226 2487 367 2568 Quintus
391 2496 497 2562 status
518 2490 581 2554 loci
603 2491 787 2575 nativitatis
798 2489 921 2555 Christi
940 2489 1016 2552 talis
1038 2487 1110 2553 fuit.
1159 2491 1240 2552 Post
1257 2487 1290 2549 ill:

133 2595 308 2678 ,praedicta
340 2601 484 2675 tempora
512 2608 692 2658 conversus
721 2596 780 2657 fnit
810 2585 852 2658 ad
874 2593 1038 2657 Christum
1080 2603 1173 2657 totus
1195 2596 1290 2656 ories

143 2710 177 2765 et
195 2700 268 2764 loen
289 2706 403 2768 sancta
434 2698 474 2760 ab
496 2699 660 2792 universis
682 2687 791 2762 mnndi
813 2699 996 2790 nationibus
1020 2698 1256 2778 visitabuntur,
1271 2712 1289 2754 e·

143 2806 262 2888 quique
283 2802 393 2869 devoti
415 2809 448 2864 et
462 2801 575 2864 Sancti
596 2803 739 2869 venditis
757 2804 914 2886 omnibus,
937 2822 1022 2887 quae
1036 2803 1218 2884 habebunt,
1240 2821 1290 2863 cu:

147 2910 254 2990 proiit)
285 2906 325 2968 ad
357 2915 476 2993 lerrspn
510 2919 655 2999 sanctam
694 2905 901 2992 veniebant,
919 2917 951 2970 ct
980 2909 1015 2969 in
1053 2926 1094 2969 ea
1127 2921 1291 2990 compunta

145 3011 313 3074 mansione
334 3013 435 3078 vitem
458 3014 511 3078 hic
532 3013 626 3077 finire
650 3014 830 3095 cupiebant.
874 3014 961 3074 luter
980 3012 1064 3074 haee
1083 3013 1179 3078 venit
1201 3015 1296 3075 beatu

99 3175 105 3187 ,
141 3115 340 3197 leronymus
374 3113 415 3180 de
435 3117 557 3200 Roma,
573 3161 575 3166 -
589 3129 620 3180 et
652 3120 684 3181 in
706 3118 894 3198 Bethlehem
927 3136 1059 3180 munere
1089 3115 1197 3201 elegit
1230 3119 1296 3178 eim.

138 3236 300 3305 praesepe
321 3217 460 3284 Domini.
499 3221 602 3300 Quem
624 3232 738 3286 secuto
760 3222 819 3285 fuit
835 3220 947 3304 Paula,
970 3221 1187 3285 sanctissima
1209 3221 1296 3285 virle.

143 3335 176 3392 et
197 3325 307 3408 plures
328 3324 394 3394 elii.
437 3323 529 3405 Sicut
549 3334 637 3410 patet
670 3325 723 3390 fol.
755 3325 841 3389 on.
872 3334 904 3387 et
933 3325 987 3388 iol.
1015 3326 1098 3389 ΘΑ.
1149 3327 1238 3391 Post
1261 3326 1296 3386 t

143 3449 241 3496 nureo
271 3439 416 3511 tempora
458 3433 681 3502 crescentibus
729 3430 855 3494 delictis
897 3427 1156 3496 Christianorum
1202 3435 1296 3495 iterun

141 3534 316 3606 sarraceni
336 3543 452 3598 terram
474 3541 807 3618 sanetnnceperunt
827 3543 971 3617 tempere
992 3534 1165 3600 benedieti
1200 3547 1296 3604 celtu

137 3639 203 3703 *snb
225 3659 289 3722 quo
309 3639 452 3702 schisma
473 3657 622 3741 magnum
645 3645 679 3702 in
699 3641 839 3703 ecelesia
859 3641 919 3702 suit
934 3647 1046 3724 ortum,
1069 3648 1103 3702 et
1115 3640 1296 3703 multarunt

143 3741 244 3822 iacta,
266 3752 297 3805 et
321 3750 496 3806 tenuerunt
518 3742 688 3813 sarraceni
709 3745 779 3809 loce
793 3746 849 3808 illa
870 3753 985 3807 sancta
1005 3745 1101 3805 annis
1123 3745 1243 3808 multis
1258 3757 1296 3804 sut

143 3842 287 3924 tributo⁸¹
312 3845 441 3910 Deinde
458 3849 572 3910 iterum
594 3848 773 3913 Christiani
801 3868 859 3930 per
880 3848 1031 3911 mnndum
1055 3851 1244 3930 gemebant
1262 3861 1296 3930 pu

144 3943 388 4020 lenissumus,
418 3957 449 4007 et
472 3951 630 4012 adunatus
653 3953 714 4013 init
733 3963 822 4015 totns
845 3951 1014 4033 occidens,
1035 3961 1069 4014 et
1087 3953 1243 4036 ingressi
1262 3965 1296 4034 pu

144 4044 290 4096 marcet
321 4042 437 4101 terram
466 4048 499 4104 in
533 4051 734 4114 multitudino
762 4058 856 4136 gravi
880 4067 1164 4138 ,recuperaverinrt
1202 4069 1296 4122 terret

145 4137 292 4236 saletam
315 4131 422 4192 multis
444 4140 615 4230 laboribus,
642 4161 675 4212 et
695 4172 806 4236 regem
828 4157 861 4216 iu
882 4157 1065 4220 Jerusalem
1088 4159 1296 4234 secernunt

148 4223 431 4288 reaedificaverunt
452 4241 609 4307 ecelesias
630 4259 662 4309 et
684 4259 888 4339 monasteria,
911 4260 1124 4324 instituentes
1140 4267 1296 4347 episcopt
