2596 4788
688 25 751 92 336

144 216 277 278 missum
300 220 350 276 est
372 211 432 294 eis,
448 206 508 272 sed
529 206 584 270 alii
607 204 732 292 lapides
753 209 984 291 porriguntur
1017 204 1110 267 loco
1128 216 1227 262 verae
1241 221 1247 280 ',

145 317 282 401 Semper
301 317 385 378 enim
409 321 525 376 essunt
545 311 706 374 dominico
728 314 900 396 sepulchro
922 306 1156 389 custodes,
1191 305 1241 386 qui

144 421 222 484 beot
240 418 411 483 corrodere
439 417 599 480 volentes.
639 415 717 480 Ideo
738 436 802 480 uon
823 417 930 499 velet,
985 412 1103 498 quod
1130 411 1182 472 illi
1203 407 1257 470 diu

145 525 320 590 indiscrete
341 522 515 587 devotione
539 519 682 584 fidelium
689 566 700 603 ,
730 525 803 605 qui,
825 532 859 586 et
879 521 910 583 si
930 520 1130 584 habeant
1164 513 1248 578 illam

146 635 270 692 cretam
302 627 523 710 devotionem,
552 629 663 690 tamen
692 644 757 690 non
783 625 973 692 admittitur
1005 625 1097 706 eis,
1134 630 1177 684 ut
1207 615 1266 679 indi

146 740 255 817 agent.

232 861 285 924 Elx
305 857 478 942 praedietis
500 859 597 921 etiam
631 864 739 940 patet,
771 855 857 940 quod
884 855 1132 920 dominicum
1171 845 1274 931 sepult

148 967 183 1029 in
205 966 362 1050 principio
383 963 496 1028 habuit
517 970 641 1046 partem
663 966 861 1046 superiorem
883 972 1050 1044 acutam,
1081 960 1155 1041 itu,
1179 951 1275 1038 quedl

147 1070 340 1154 operculum
373 1077 479 1152 eset,
513 1076 629 1150 tegens
666 1068 824 1132 tumulum
858 1085 932 1129 cum
962 1067 1100 1129 dorso
1132 1067 1275 1138 acuto,l

146 1175 218 1240 lieri
240 1176 349 1238 solent
370 1174 563 1237 tumulorum
594 1172 769 1255 opercula,
799 1171 858 1235 sed
879 1171 1002 1234 fideles
1036 1157 1275 1232 abraseruml

149 1279 388 1361 elevationem,
409 1287 442 1341 et
461 1277 646 1360 operculum
676 1265 807 1360 plenum
840 1277 1014 1360 lecerunt,
1071 1271 1191 1356 quasi
1218 1261 1275 1328 tali

148 1393 184 1448 ut
199 1385 305 1446 Missa
326 1385 360 1445 in
383 1393 497 1446 sancto
520 1383 693 1465 sepulchro
716 1399 815 1464 super
836 1383 976 1444 tumbam
999 1387 1157 1464 posset
1181 1371 1275 1436 eelebt

231 1509 284 1572 Ex
302 1509 449 1572 omnibus
478 1509 547 1591 jam
578 1509 672 1572 dictis
706 1507 749 1570 de
775 1516 890 1572 sancto
920 1507 1128 1591 sepulchro
1162 1503 1224 1565 hoc
1245 1505 1275 1554 tu

148 1613 286 1677 devotus
303 1615 494 1696 peregrinus
516 1624 548 1676 et
570 1614 736 1697 pacificus,
759 1613 855 1697 quod,
878 1616 952 1676 sive
970 1614 1037 1676 illa
1069 1579 1275 1694 spelunt'eli

149 1717 247 1784 hodie
265 1728 350 1802 stat,
372 1721 416 1782 sit
436 1739 550 1783 verum
573 1719 697 1783 Christi
725 1729 963 1781 monumentum
987 1727 1024 1781 et
1067 1725 1196 1792 totum,
1216 1707 1265 1767 siu

148 1843 225 1909 pars
247 1825 318 1907 ejus
339 1825 403 1907 ibi,
422 1825 495 1888 sive
515 1821 594 1886 nihil
616 1826 661 1886 sit
691 1825 735 1887 ibi
758 1823 798 1887 de
820 1843 873 1908 eo,
894 1841 1009 1904 perum
1032 1821 1175 1900 refert,
1195 1805 1275 1874 sirei

149 1931 221 1992 sive
244 1929 323 1994 illud
344 1931 407 2012 sit,
430 1931 506 2012 quia
541 1929 720 2012 principale
748 1931 793 1993 ibi
824 1929 957 2011 mansit,
977 1926 1075 2009 quod
1118 1915 1258 2006 usporltfi

149 2032 294 2095 demoliri
327 2033 511 2096 nullatenus
533 2041 653 2115 potest,
673 2034 800 2097 scilicet
821 2033 913 2096 locus
946 2033 1197 2096 sanctissimae
1216 2037 1266 2096 sep

150 2148 241 2201 turae
260 2146 293 2200 et
324 2141 576 2202 rerurrectionis
606 2139 744 2222 Christi,
772 2139 806 2200 in
828 2157 893 2221 quo
914 2139 996 2221 loco,
1021 2139 1094 2201 etsi
1129 2151 1196 2197 non
1218 2127 1269 2186 till

150 2243 273 2306 Christi
308 2251 571 2325 monumentum,
604 2245 637 2307 in
659 2261 722 2326 quo
751 2261 868 2326 corpus
896 2243 967 2326 ejus
996 2243 1063 2306 fuit
1098 2240 1263 2325 positunii

150 2357 258 2411 tamen
279 2350 324 2412 ibi
344 2349 467 2412 Christi
489 2359 718 2431 monmeutum,
740 2349 773 2410 in
800 2369 863 2432 quo
887 2366 1004 2430 corpus
1027 2346 1107 2428 ejus
1145 2331 1267 2418 „apuu

151 2453 210 2516 luit
231 2463 471 2538 consecratum,
494 2461 528 2516 et
551 2455 650 2536 priori
680 2464 886 2517 monumento
920 2451 1150 2532 simillimum,
1177 2439 1263 2524 spelm

151 2558 290 2642 duplex,
320 2557 465 2641 ejusdem
494 2558 695 2641 sanctitatiS,
715 2559 909 2640 dignitatis,
934 2566 967 2618 et
989 2554 1214 2629 reverentiam
1233 2543 1268 2602 sir,

151 2664 290 2746 tabulae,
313 2681 392 2746 ques
415 2662 543 2726 feceret
564 2663 702 2747 Moyses
723 2663 765 2726 ad
786 2667 890 2726 instar
902 2661 1054 2745 priorum,
1070 2677 1159 2746 quas
1178 2655 1261 2731 fregtff

153 2765 265 2829 eadem
286 2777 464 2851 praecepta
485 2769 713 2852 continebant,
736 2777 769 2831 et
790 2768 935 2849 ejusdem
957 2767 1146 2830 sanctitatis
1177 2767 1205 2821 el
1221 2765 1268 2815 rtli

154 2871 275 2933 rentiae
314 2881 407 2935 erant
442 2892 500 2954 pro
529 2874 678 2936 maximis
706 2881 740 2936 et
775 2873 992 2936 sanctissimis
1025 2870 1173 2954 reliquiis
1193 2863 1218 2924 in
1232 2867 1265 2915 ue

153 2973 340 3038 testamenti
364 2976 524 3056 repositis.
567 2979 611 3040 Et
637 2978 695 3040 ille
715 2976 880 3041 sufficiant
898 2977 939 3040 de
958 2986 1072 3040 sancto
1094 2968 1248 3058 sepulchro·

238 3078 360 3164 Reperi
376 3079 411 3142 iu
434 3079 624 3164 quibusdam
656 3083 798 3165 antiquis
830 3083 1090 3166 peregrinalibus
1118 3073 1220 3142 libellis
1240 3079 1264 3124 o

154 3198 291 3271 quentes
324 3204 440 3250 versus
446 3231 458 3270 ,
492 3205 575 3270 quos
609 3189 802 3250 invenerunt
836 3187 996 3270 lapidibus
1024 3189 1134 3250 senui
1164 3169 1267 3262 seprltlt

153 3293 346 3378 insculptos,
371 3311 466 3376 quam
489 3300 599 3356 tamen
617 3293 812 3375 scripturum
835 3310 897 3374 ego
918 3310 983 3354 non
1002 3291 1079 3356 vidi.

339 3437 447 3522 Super
470 3439 612 3506 tabulam
635 3439 797 3524 sepulchri
823 3439 873 3503 sic
895 3447 963 3503 eret
985 3439 1153 3522 scriptum:

236 3543 386 3606 Mortuus
408 3547 462 3612 hic
478 3545 592 3630 jacuit,
616 3556 751 3610 mortem
773 3544 849 3608 dum
872 3552 975 3608 morte
997 3542 1143 3628 redemit,

237 3649 302 3710 Hic
323 3649 374 3712 leo
392 3649 554 3734 dormivit,
582 3653 641 3736 qui
660 3651 799 3734 pervigil
820 3650 930 3714 omnia
951 3637 1048 3712 trivit

328 3773 435 3859 Super
454 3778 572 3843 ostium
589 3779 791 3842 monumenti
811 3781 864 3842 sic
884 3776 1040 3860 scriptum
1064 3759 1149 3840 erut:¹

237 3876 361 3962 Aspice
379 3880 507 3963 plasme
525 3900 641 3967 meum,
662 3885 718 3967 qui
740 3869 859 3950 transis
879 3891 956 3946 aute
977 3881 1169 3966 sepulchrum

237 3981 310 4062 Quo
331 3984 435 4047 triduo
459 3985 557 4068 jacui,
578 4005 730 4070 cumpro
751 3998 785 4051 te
805 4005 925 4072 passus
950 3975 1052 4072 chivi,

244 4091 289 4147 Et
312 4087 489 4148 Behemoth
511 4081 612 4150 dirum
627 4092 766 4154 contrivi
787 4091 942 4174 compede
966 4092 1104 4176 plexum.

109 4395 266 4523 ‘N
