2644 4786
679 171 744 236 lbi

126 357 317 451 supercilio,
343 356 407 442 ita,
430 351 517 438 quod
540 353 691 435 aquilone
727 359 762 414 et
789 352 914 415 oriente
948 361 983 439 et
1016 359 1130 415 austro
1159 350 1287 414 valibn

128 462 356 544 denudatur,
377 467 412 524 et
429 466 619 520 recurvatur
630 457 743 521 contra
755 456 955 521 occidentem
970 475 1095 520 versus
1106 454 1264 519 Jerusalem

127 577 160 632 ct
181 569 222 632 ab
245 566 359 630 mem
381 573 473 647 perte
493 561 604 626 hahuit
627 560 762 646 lassata,
786 579 896 625 muros
914 571 948 625 et
962 569 1086 641 turres,
1109 559 1266 622 emtione

126 674 223 738 etiam
254 678 354 756 patet.
400 666 549 731 circuivi
576 665 746 751 oppidum,
781 674 815 728 et
845 667 1008 733 curiosius
1041 666 1118 746 ejus
1149 662 1267 748 perspexi

126 779 235 841 situm.
278 771 386 837 llodie
407 789 488 834 vero
508 770 588 836 villa
609 776 661 833 est
681 771 765 834 satis
786 768 956 854 populosa,
987 776 1023 830 et
1041 787 1107 832 nee
1129 771 1169 832 de
1188 775 1267 833 ninia.

127 899 190 944 uec
211 879 254 942 de
280 877 414 942 fossatis
433 882 566 956 curant,
600 884 634 938 et
663 875 765 957 major
796 891 875 957 pers
901 873 1121 938 habitantium
1150 876 1190 936 ibi
1217 889 1268 936 sun.

127 985 306 1050 Christiani
326 978 512 1064 orientales,
529 975 749 1044 confederati
761 976 951 1056 sarracenis
963 982 999 1040 et
1013 980 1116 1042 etiam
1132 979 1269 1042 Ambitus.

126 1075 272 1154 nutriunt
292 1104 333 1148 se
352 1083 393 1148 dc
414 1103 498 1154 rure.
536 1083 621 1146 Nam
636 1069 835 1148 fertilissima
853 1092 905 1146 est
920 1083 1021 1166 gleba
1043 1104 1107 1168 per
1124 1087 1269 1148 circuitum.

128 1193 311 1272 frumento,
339 1189 418 1252 vino
453 1195 489 1252 et
516 1189 592 1252 oleo
611 1181 780 1252 abundans
810 1197 845 1250 et
867 1191 1016 1270 pascuis.
1076 1193 1116 1252 ln
1142 1189 1269 1254 divbiom

126 1306 234 1362 terrae
246 1297 310 1360 111
329 1294 476 1362 tuturus
494 1294 596 1358 lsrael
617 1292 734 1356 cecidit
754 1293 789 1356 in
806 1301 928 1355 sertem
948 1295 1063 1358 trihus
1076 1295 1191 1378 dudae,
1210 1297 1270 1356 etin

126 1411 249 1485 partem
271 1381 651 1462 nobilissimaet'emiliee
672 1397 745 1479 ejus
766 1397 871 1460 tribus
891 1395 1027 1460 Pheres.

209 1505 306 1568 lianc
343 1503 508 1566 civitatem
538 1502 729 1566 Bethlehem
769 1500 962 1565 laudabilem
999 1504 1151 1567 ostendit
1186 1506 1270 1564 hertn

127 1607 326 1691 leronymus
346 1607 458 1670 multis
479 1607 618 1689 scriptis.
660 1605 836 1690 speciatim
849 1606 883 1670 in
897 1607 1040 1688 epistola
1059 1609 1104 1671 ad
1114 1609 1270 1672 Marcellae

125 1714 177 1776 sic
207 1710 308 1774 dicite
341 1702 414 1788 Quo
446 1729 598 1776 sermone
616 1712 829 1776 diversorium
850 1697 999 1795 Manae}
1028 1730 1100 1797 qne
1131 1733 1210 1776 voce
1235 1716 1272 1772 titi

126 1815 315 1902 speluncam
339 1814 521 1881 salvatoris
553 1815 736 1900 exponam‘l
764 1819 808 1881 Et
837 1805 927 1882 certe
955 1837 1143 1902 praesepe,
1176 1823 1206 1880 ir
1231 1836 1272 1899 qm

126 1920 304 1986 infantulus
324 1923 448 2004 vagiit,
469 1921 599 1986 silentio
626 1925 738 2008 magis,
753 1942 855 2007 quam.
870 1923 997 1988 infirmo
1019 1941 1179 1987 sermone
1197 1926 1273 1986 hone

127 2025 261 2090 randum
279 2035 340 2109 est,
362 2027 417 2088 uhi
432 2027 515 2090 satis
530 2025 758 2112 lateporticus‚
769 2029 927 2102 deaurata
943 2029 1126 2112 laquearia.
1157 2027 1275 2092 Ellel-

127 2127 234 2192 lehem
268 2147 346 2192 ecce
381 2131 415 2192 in
442 2131 505 2194 hoc
526 2150 625 2212 parvo
654 2141 760 2195 terrae
785 2134 940 2198 foramine
960 2133 1135 2196 coelorum
1157 2131 1275 2196 cernite

127 2241 226 2301 uatus
252 2242 314 2316 cst,
336 2236 389 2298 hic
410 2235 576 2300 involutus
589 2237 717 2319 pannis,
735 2238 792 2300 hie
808 2235 945 2302 visuset
956 2237 1115 2300 adoratus
1128 2256 1149 2299 a
1159 2247 1277 2320 pastor.-

128 2342 191 2402 hns
214 2349 247 2401 et
268 2339 386 2421 Magis.
428 2340 471 2402 lit
491 2349 582 2422 puto,
602 2345 746 2406 sanctior
766 2343 858 2406 locus
880 2351 932 2406 est
953 2363 1034 2425 rupe
1057 2343 1196 2425 terpejti,
1218 2361 1262 2424 qu.

129 2442 171 2505 de
200 2444 291 2507 coelo
330 2444 462 2526 saepius
495 2443 664 2508 fulminata
696 2447 874 2510 ostenditur
893 2443 965 2510 Deo
998 2445 1187 2530 displicere
1240 2447 1271 2506 l>

129 2547 257 2631 quidem
279 2547 323 2612 ihi
342 2556 457 2610 sancta
478 2548 618 2610 ecelesia
639 2557 672 2612 et
693 2551 832 2634 populus
847 2542 963 2635 fidelis,
986 2560 1017 2614 et
1030 2556 1111 2615 urbs
1128 2553 1278 2636 populos.

128 2652 188 2742 sed
198 2654 329 2715 ambitio
340 2654 449 2734 potius
458 2650 521 2735 [i],
533 2670 680 2736 magm
696 2656 806 2718 urbem
820 2655 924 2720 videri
938 2663 971 2720 et
988 2655 1157 2720 videretur
1169 2655 1276 2720 laudit-

129 2766 163 2822 et
185 2757 364 2823 detrahere.
409 2759 447 2819 lu
468 2755 590 2821 Christi
609 2767 718 2824 autem
738 2761 818 2826 villa
837 2771 906 2825 tuta
927 2763 1094 2824 rusticitas
1118 2771 1185 2845 est,
1208 2777 1279 2824 ern.

128 2863 272 2944 psalmos
293 2861 456 2924 silentium
477 2871 545 2944 est,
573 2881 775 2948 quocumque
796 2865 1000 2954 te‘verteris,
1028 2866 1152 2930 stivam
1183 2877 1279 2930 tene:-

129 2965 257 3046 allelnja
279 2964 583 3050 decantationem
603 2983 729 3032 messor
751 2966 886 3054 psalmis
908 2987 947 3037 sc
967 2969 1119 3054 advocat,
1142 2980 1178 3034 et
1201 2990 1279 3034 eura

129 3069 214 3132 falce
233 3067 404 3134 attondens
427 3075 517 3134 vites
538 3072 657 3135 vinitor
677 3067 785 3151 aliqua
806 3069 955 3150 davidica
975 3073 1072 3136 canit.
1116 3076 1216 3138 Haec
1227 3095 1272 3137 sno

128 3174 162 3238 in
183 3175 244 3240 hac
277 3177 444 3258 provincie
474 3177 637 3259 carmina,
657 3175 755 3258 haec,
785 3183 821 3237 ut
839 3175 940 3259 vulgo
954 3175 1088 3260 dicitur,
1119 3183 1279 3243 amatoria<

130 3283 307 3344 caittiones.
349 3273 443 3342 Haeo
462 3278 669 3364 leronymus.
712 3279 750 3340 ln
771 3285 863 3342 tauto
893 3283 996 3363 pretio
1021 3282 1082 3344 t'uit
1104 3283 1279 3348 Bethleher.

129 3396 266 3451 sanctae
282 3385 415 3468 Paulae,
436 3395 472 3447 ut
498 3403 569 3448 eam
590 3385 715 3448 Romae
735 3383 927 3468 praeterret,
949 3393 983 3447 et
1002 3402 1081 3450 auro
1103 3397 1214 3452 tracto
1233 3387 1280 3450 tu?-

129 3493 239 3574 gentia
259 3489 405 3553 informis
426 3489 485 3552 luti
512 3489 638 3551 vilitate
663 3489 817 3571 mutavit,
847 3497 884 3551 nt
910 3490 1016 3572 inquit
1033 3489 1238 3575 leronymus
1259 3493 1278 3551 iu

129 3592 266 3674 epistola
284 3595 317 3656 in
338 3595 439 3657 vitem
460 3602 493 3656 et
511 3594 631 3656 obitum
649 3591 686 3658 S.
696 3592 827 3658 Paulae.
866 3592 919 3656 De
938 3591 1087 3672 laudibus
1102 3595 1278 3659 Bethlehee

129 3699 307 3786 composuit
337 3699 393 3762 ille
414 3695 614 3782 Sophronias
641 3698 692 3760 vir
720 3695 957 3761 eruditissimus
986 3707 1136 3762 ornatum
1170 3699 1279 3764 librum.

128 3808 164 3861 ut
185 3799 382 3884 leronymus
412 3801 454 3865 de
478 3802 560 3865 viris
592 3800 771 3864 illustribus
802 3799 911 3864 refert.
961 3797 1026 3879 Qut
1055 3804 1156 3865 etiam
1192 3825 1278 3868 emet„

126 3903 296 3982 Jeronymi
317 3921 416 3982 opera
437 3904 478 3964 de
495 3903 645 3966 Hebraeo
665 3905 861 3968 inlratinum
881 3905 1037 3970 translata
1061 3910 1235 3974 transtulit
1253 3908 1278 3968 de

128 4002 243 4061 Latino
254 4002 287 4060 in
300 4001 471 4064 Graecum.
514 4003 636 4065 Beatus
648 4007 767 4074 Bernh.
779 4009 813 4096 in
829 4009 1037 4072 semnaneed
1047 4009 1173 4074 milites
1187 4011 1277 4094 templ

129 4098 297 4171 plurimum
319 4100 521 4162 commendat
542 4103 729 4168 Bethlehem
753 4110 932 4173 nativitatis
953 4111 1084 4178 nomint
1106 4114 1227 4182 locum.
