2596 4788
664 109 729 178 354

114 296 191 382 quie
212 291 330 358 donritti
349 291 501 360 ductores
520 294 625 362 nostri
656 291 782 354 vmleut
802 310 862 364 nos
884 292 1022 360 mnam.
1039 311 1121 358 sero
1148 295 1177 358 iu
1192 296 1263 356 tet:-

115 399 220 463 leltem
242 397 371 460 ducere.
416 395 565 482 Cumque
585 415 698 464 omnes
722 399 755 458 iu
782 397 922 479 plateam
947 396 1057 479 Syon
1087 399 1281 462 neemena-

114 504 297 568 iuvenimus
319 491 363 563 itt
385 503 831 568 usinuricsnostrosstuntes
850 519 925 568 num
944 501 1084 586 asinis,
1116 507 1202 566 currit
1225 525 1266 563 et-

113 617 178 674 tem
200 607 423 690 uuusquisque
443 623 604 689 quaerens
631 615 664 667 et
685 605 829 670 clemens
863 625 923 687 pro
957 623 1026 668 suo
1069 607 1217 687 asinario,
1249 627 1267 666 ι

114 711 308 781 dictumest
338 727 437 794 supro
469 710 524 772 t‘ul.
548 711 601 775 st.
632 711 673 777 B.
705 709 747 776 Et
775 711 917 792 receptis
953 711 1072 772 asinis
1094 712 1228 781 stetimus
1249 731 1268 770 ι’

113 818 264 884 demeres
282 825 413 880 nostros
434 813 555 878 diutius
575 813 1008 897 exspectavimus-,tandem
1035 825 1152 878 autern
1169 815 1229 877 sole
1253 837 1272 874 .·.

113 941 264 990 occasum
286 927 444 1002 vergente
464 927 625 984 venerunt
645 921 768 1002 telstes,
789 917 950 1000 diceutes,
975 919 1073 1000 qued
1092 919 1137 982 de
1150 917 1269 982 Solon-⁸

112 1037 146 1094 et
166 1024 391 1092 solitudinibus
412 1023 567 1088 lordonis
587 1023 836 1090 adscendissent
867 1023 901 1084 in
939 1023 1151 1090 Bethlehem
1169 1024 1272 1086 llnrlie

111 1136 211 1218 mue,
230 1133 358 1196 Arabes
379 1139 412 1194 et
432 1128 579 1214 Beduiui,
600 1147 726 1214 nosque
746 1128 790 1190 ibi
810 1134 1083 1214 exspectarent,
1120 1137 1157 1192 ut
1175 1144 1269 1192 ιιιιιιιι

109 1257 209 1302 menn
226 1237 321 1302 uobis
342 1244 512 1298 occurrunt
530 1234 571 1297 od
588 1233 807 1318 spoliandum,
828 1232 952 1296 idcirco
977 1234 1051 1298 hae
1073 1237 1152 1298 vice
1171 1253 1271 1298 umere

112 1341 147 1408 iu
173 1340 357 1408 Jerusalem
385 1355 527 1404 rmcnsse
559 1339 653 1422 ieret,
682 1355 850 1421 quousque
877 1337 1024 1420 populns
1058 1339 1123 1402 ille
1148 1356 1236 1421 rapu
1260 1355 1271 1395 t

52 1432 55 1440 ’
111 1445 303 1512 Bethlehem
335 1443 490 1508 discedot.
540 1445 584 1506 Iit
611 1443 669 1506 ite-
685 1441 839 1507 muneras
863 1450 941 1506 sumt
970 1443 1113 1506 bestiae
1141 1446 1173 1506 in
1199 1461 1268 1502 sum

110 1551 227 1632 lucum,
247 1567 307 1611 uus
327 1569 408 1612 vero
425 1550 630 1613 visitavimus
652 1555 684 1611 et
705 1549 912 1612 circuivimus
939 1549 1017 1614 loeo
1054 1555 1181 1612 saneta
1197 1565 1269 1608 mor·

109 1656 151 1718 tis
172 1654 274 1738 syon,
285 1662 318 1718 et
325 1652 422 1734 juxte
438 1653 545 1718 locum
559 1651 727 1716 divisionis
738 1652 956 1736 apostolorum
969 1652 1103 1717 diutius
1119 1654 1267 1716 crevimus

108 1761 201 1843 quus
222 1760 363 1824 instabat
384 1757 573 1822 solennitas
597 1757 648 1821 Dc
669 1758 821 1822 hocloco
842 1757 919 1822 vide
940 1757 997 1818 tol.
1025 1759 1108 1828 104.
1130 1759 1174 1820 Δ.

193 1863 278 1930 Cum
297 1863 348 1928 sul
369 1871 477 1928 cutem
497 1863 681 1945 occidisset,
701 1861 936 1926 descenderunt
957 1865 1137 1946 peregrini
1156 1863 1196 1926 tul
1212 1863 1268 1924 loos

108 1970 208 2054 pitole
229 1988 324 2032 suunt
343 1987 401 2051 pro
423 1968 549 2052 quiete,
572 1967 664 2032 multi
692 1975 802 2030 temen
826 1977 1016 2030 manserunt
1053 1970 1223 2032 uobiscum
1250 1968 1268 2025 'n

109 2083 218 2138 monte
250 2071 342 2154 Syou
374 2073 576 2136 celebrantes
610 2073 778 2136 nobiscum
807 2073 938 2154 vigilios
968 2075 1005 2138 in
1035 2074 1128 2136 locis
1161 2075 1283 2136 senus

107 2175 218 2242 Medio
240 2178 324 2239 enim
351 2187 447 2242 nocte
474 2179 675 2242 surreximus
708 2195 782 2242 curn
813 2177 965 2242 frutribus
996 2176 1040 2240 ed
1079 2177 1268 2241 matutinus

108 2281 240 2368 laudes,
273 2283 390 2367 quibus
427 2281 527 2346 finitis
564 2284 744 2364 incepimus
770 2282 934 2347 celebrare
963 2283 1099 2346 Missus
1135 2287 1267 2367 privetu

107 2389 331 2474 uuusquisque
351 2387 385 2451 in
405 2387 484 2450 loco·
498 2386 561 2450 sibi
586 2386 842 2469 placitumque
860 2386 901 2449 ud
927 2389 1179 2470 crepusculum.
1225 2387 1270 2448 nn

107 2501 214 2556 cutem
224 2493 299 2556 XV.
314 2493 535 2574 illucescente,
557 2499 729 2575 antequem
742 2482 878 2555 oriretur
891 2493 951 2575 sol,
967 2491 1216 2574 descendimus,
1227 2509 1268 2554 nos

107 2600 163 2681 qui
185 2613 313 2662 eramus
333 2599 367 2662 in
388 2605 496 2662 monte
509 2597 620 2680 Sycn,
632 2599 666 2660 in
687 2598 857 2681 hospitale,
880 2607 914 2660 et
926 2597 1079 2662 dominos
1097 2604 1268 2684 peregrinos

108 2701 226 2766 fratres
248 2710 379 2767 nostros
400 2705 616 2767 excitavimus
638 2701 679 2766 ad
700 2702 992 2786 peregrinandum,
1016 2707 1146 2786 quibus
1169 2705 1267 2789 puratis

107 2806 147 2870 tle
170 2807 322 2889 hospitali
344 2810 516 2890 exivimus,
537 2817 570 2871 et
592 2807 692 2891 aliqui
706 2807 822 2876 iratres
843 2809 961 2870 montis
983 2807 1082 2890 Syon
1104 2813 1266 2874 uobiscum

106 2918 139 2972 et
168 2910 304 2974 Culiuus
330 2913 522 2996 Elphnhollo
556 2913 756 2976 Sorruceuus
789 2928 862 2976 cum
886 2913 1000 2976 baculo
1032 2915 1172 2978 salvum
1208 2931 1266 2976 con-

104 3013 238 3077 ductum
272 3011 345 3096 (B)
368 3027 539 3099 praestans
578 3027 612 3080 et
645 3034 763 3101 pueros
794 3035 927 3100 arcens,
958 3035 1001 3080 ne
1031 3037 1096 3084 nos
1126 3019 1264 3104 lapidibus

105 3120 305 3202 impeterent.
361 3119 521 3186 Venimus
548 3133 655 3188 nutem
692 3122 793 3206 primo
819 3125 854 3188 in
885 3124 1001 3189 utrium
1032 3126 1153 3208 templi
1179 3123 1285 3190 sumti¹

105 3225 277 3312 sepulchri,
299 3233 332 3288 et
351 3225 395 3290 ibi
413 3226 448 3290 iu
468 3227 550 3313 loco,
569 3228 789 3295 ubiClrristus
809 3229 871 3292 sub
896 3247 992 3292 cruce
1004 3230 1147 3313 cecidit,
1170 3240 1207 3293 ot
1223 3246 1263 3290 sn·

105 3338 215 3416 perius
236 3331 358 3398 dictum
391 3342 452 3416 est,
477 3334 746 3416 procumbentes,
785 3331 1001 3415 indulgentius
1030 3333 1204 3418 plener-ise
1226 3351 1264 3396 rc·

103 3438 269 3500 missionis
291 3441 476 3523 accepimus
498 3439 592 3522 (Η).
1283 3373 1285 3516 l

154 3585 215 3660 De
239 3597 357 3688 porta,
381 3598 487 3666 extra
509 3614 613 3690 quam
657 3589 726 3664 fuit
756 3588 933 3664 Dominus
954 3587 1071 3666 Jcsus
1095 3589 1227 3664 ductos

545 3708 826 3808 crucifigendus

183 3873 350 3940 Exeuntes
373 3886 479 3940 eutem
500 3886 739 3963 consequenter
759 3875 802 3940 de
833 3877 945 3962 templi
973 3877 1054 3941 atrio
1086 3877 1120 3938 in
1155 3873 1253 3944 vienn

107 3978 162 4062 qui
191 3977 279 4044 ducit
317 3979 491 4044 demente
519 3983 612 4066 Syon
641 3985 676 4046 iu
707 3989 849 4048 montem
871 3981 1062 4063 cotronae,
1098 3987 1135 4044 et
1158 3980 1199 4043 de
1216 3974 1253 4037 no

104 4080 190 4146 ducit
208 4103 266 4164 per
285 4081 486 4148 descensum·
501 4087 536 4150 iu
557 4087 723 4164 civitatem
743 4107 804 4170 per
823 4088 896 4169 ejus
917 4085 1170 4173 longitudinem,
1192 4095 1253 4168 qntt

105 4191 155 4240 est
190 4185 230 4244 eb
272 4191 382 4248 austro
414 4187 450 4246 ln
482 4187 683 4271 aquilonem,
715 4198 748 4253 ct
778 4191 913 4256 latitudo
944 4191 985 4254 ub
1024 4189 1197 4254 occidente
1230 4185 1250 4244 it
1284 4211 1285 4290 q
