2716 4798
690 114 799 199 ,πα

149 323 304 388 Smotum
324 315 554 384 Laurentium
573 315 665 380 iilum
679 309 885 379 cementum
904 311 1324 386 numentanorum

148 427 353 494 immediator
384 439 562 490 suooesnor
594 421 631 484 iu
661 423 819 506 rqimiue
856 419 987 484 Ordinis
1008 419 1120 484 seneli
1153 419 1324 482 nomme

150 535 257 600 l'utris
279 531 400 614 nostri,
429 525 502 605 (B)
524 524 586 590 red
605 525 655 590 ibi
678 534 730 589 snt
756 526 847 593 nullu
868 527 1077 592 observantie
1112 543 1188 589 neo
1222 523 1322 606 reguli

149 639 211 705 sed
241 637 393 722 paucist
422 637 534 700 miseri
561 631 681 696 iratres
705 631 755 696 lbi
781 631 854 699 sine
886 635 993 698 iruotu
1022 634 1164 716 degunt.
1219 634 1261 694 iri
1284 632 1322 692 in

151 747 285 810 eivitute
315 741 414 804 Anno
447 737 539 804 tntu.
569 739 800 820 martyrizatur
821 739 882 802 tuit
912 748 1049 804 saueius
1075 757 1163 821 puer
1191 736 1321 818 Syrum

152 845 336 930 uiudneis,
358 863 433 910 oum
453 845 583 928 mugnis
603 844 790 909 tormentisr
809 855 942 927 propter
960 843 1185 930 qnodiudnei
1212 843 1321 904 fuerunt

152 973 227 1025 nutu
255 953 387 1018 tortum
420 951 550 1032 mugitis
580 948 757 1031 suspendio
791 949 953 1035 deputeti3
988 969 1127 1036 quorum
1161 947 1320 1012 maledieo

153 1075 290 1144 oerpern
312 1053 381 1121 vidi
403 1055 437 1120 in
458 1055 611 1138 putilulis
631 1054 790 1138 pondere,
825 1073 911 1118 enno
932 1057 1099 1140 sequenti,
1137 1053 1275 1139 qundo
1290 1053 1320 1112 iu'

152 1165 302 1230 liomum·
347 1160 475 1244 Corpus
505 1168 614 1227 eutem
640 1160 678 1224 ii.
719 1161 816 1224 Pueri
845 1162 1029 1242 inventum,
1058 1162 1199 1243 mugnis
1221 1153 1324 1236 inopi}

154 1271 279 1336 olorem
307 1263 495 1346 miruoulis,
523 1273 559 1328 et
584 1264 820 1350 heurelmi,
841 1276 877 1330 ut
909 1266 1036 1334 dieitur.
1081 1266 1235 1348 Propoer
1256 1257 1316 1346 qood

153 1375 301 1442 homiues
322 1389 343 1434 u
362 1369 548 1453 longinquis
567 1371 712 1454 portibus
733 1373 964 1455 Theutouiene,
978 1371 1141 1436 urendae
1164 1381 1205 1434 et
1228 1369 1324 1438 ltnur

155 1481 231 1548 iilre
251 1478 506 1560 peregrinentur,
517 1485 552 1540 et
574 1477 724 1542 «iderunt
745 1495 864 1561 oerum,
878 1488 1001 1566 vestes,
1015 1469 1140 1560 eurum,
1165 1486 1315 1562 urgentur

33 1611 35 1638 ι
156 1593 190 1655 et
209 1583 366 1666 pecunius
388 1581 423 1646 in
445 1590 537 1645 tantu
556 1581 660 1665 eopia,
683 1581 770 1665 quod
792 1577 986 1665 stupendum
1008 1591 1059 1645 est
1080 1583 1211 1648 videre.
1247 1578 1315 1644 Urio

157 1689 333 1754 eeclesiam
365 1685 404 1750 S.
428 1686 535 1770 Petri,
564 1689 599 1750 in
633 1706 699 1772 qun
729 1704 848 1771 eorpus
879 1689 940 1751 init
972 1689 1130 1770 loentum,
1171 1692 1313 1770 untiqum

158 1795 391 1860 destruxerunt
421 1799 458 1854 et
484 1811 604 1858 novum
638 1791 778 1877 implum
812 1793 1174 1877 superseditlouvornut·
1202 1811 1249 1857 ex
1270 1789 1312 1854 iiis

158 1901 269 1966 bonis:
291 1907 326 1962 et
347 1892 477 1962 domurn
498 1898 645 1981 mnrtyrii
674 1897 749 1980 ejus
768 1901 865 1963 etium
891 1898 1171 1982 emundaverunt,
1201 1911 1311 1978 eumque

159 2005 333 2072 eeeirrirm
366 2011 652 2069 eorueomverunt.
696 2005 750 2066 De
780 2007 933 2088 martyrio
954 2005 1042 2068 iiius
1072 2003 1174 2066 Pueri
1206 1999 1310 2066 videto

160 2111 386 2194 supplemento
415 2105 665 2192 cnrerueer‘om,
700 2109 756 2179 lib.
779 2110 830 2179 tu.
850 2111 921 2174 Fol.
946 2107 1017 2173 17¹7.
1061 2106 1146 2171 Cum
1168 2126 1251 2190 ergo
1273 2118 1311 2166 not

160 2212 323 2299 peregrini
352 2218 466 2276 uestes
488 2206 698 2295 equitantium
728 2213 1004 2297 deposuissemus,
1026 2211 1068 2276 ud
1091 2213 1258 2278 euolesius
1274 2225 1311 2292 pro

161 2319 371 2404 indulgentis
410 2319 638 2402 transivimus,
675 2327 710 2382 et
740 2319 774 2382 in
802 2318 943 2382 eoeleste
970 2317 1006 2382 S.
1028 2319 1118 2381 Petri
1157 2312 1309 2402 eorpusi

161 2427 259 2494 Pueri
270 2425 411 2490 vidImus
432 2434 465 2488 et
486 2426 591 2490 looum
609 2423 753 2505 inertyrli
770 2421 852 2504 ejus,
867 2433 900 2486 et
916 2423 1090 2488 eoelesinm
1104 2421 1310 2486 Cuthedrrlen

163 2534 344 2618 antiquum,
382 2539 415 2594 et
437 2530 518 2594 elius
539 2528 683 2611 popellus
713 2535 746 2591 et
775 2530 943 2592 ecelesias.
987 2529 1061 2590 Hoe
1091 2530 1180 2590 euim
1217 2529 1311 2592 faciut

162 2638 292 2706 honesti
309 2635 473 2716 peregrini
484 2633 762 2717 ierosolymitani,
781 2632 878 2717 quod,
895 2651 968 2696 eum
987 2620 1167 2716 uduliquus
1186 2634 1311 2696 eivitrte

166 2745 341 2819 divortunt,
365 2738 483 2800 stetim·
496 2737 541 2803 de
562 2737 714 2802 ecelesiis
735 2746 767 2799 et
778 2737 974 2802 Sanctorum
995 2737 1145 2820 reliquiis
1162 2739 1311 2822 inquiren,

165 2853 200 2908 et
230 2861 271 2907 ee
290 2842 435 2906 visitent.
463 2832 537 2902 oSio
553 2843 655 2906 eitum
676 2841 825 2932 feoeruut
853 2844 984 2910 Domini
1005 2843 1086 2926 mei,
1120 2851 1155 2905 et
1176 2863 1241 2928 ego
1269 2857 1311 2905 un

166 2966 241 3014 oum
270 2949 338 3030 eis,
369 2949 406 3006 ut
434 2942 557 3026 patebit
577 2944 611 3008 in
633 2962 803 3029 processu.
853 2948 937 3013 Cum
959 2956 1075 3012 eutem
1107 2965 1180 3011 sero
1215 2952 1311 3014 ieotuu

168 3063 275 3136 esset,
306 3059 340 3114 et
359 3051 394 3112 iu
416 3063 518 3114 ooeue
536 3053 660 3116 'omues
682 3034 1004 3138 eimui'sedrrmrrrs,
1040 3051 1175 3119 advmit
1206 3055 1312 3138 quidm

164 3157 325 3243 jocuimrr
346 3171 420 3223 eum
440 3152 566 3236 uetula,
597 3166 629 3219 et
651 3174 733 3222 uxor
763 3158 835 3240 ejus
858 3178 932 3224 eum
952 3177 1010 3243 eo,
1032 3175 1117 3242 quoe
1142 3157 1186 3219 ud
1207 3159 1313 3223 listula-

168 3264 288 3327 tionem
308 3259 501 3326 oonoiuebut
528 3277 628 3344 voee,
653 3263 739 3329 bone
769 3265 995 3329 modulatione.
1017 3261 1102 3343 ‚Vir
1121 3272 1230 3326 eutem
1256 3265 1312 3326 lieet

169 3365 313 3451 prudens
347 3376 454 3450 esset,
486 3363 659 3432 fistuluudo
690 3346 956 3452 gestiorletioues
991 3369 1131 3446 iaciebat
1156 3368 1312 3445 murrum,

169 3481 299 3556 propter
338 3493 472 3558 querum
510 3473 650 3556 ineptius
688 3473 1065 3560 magnummontem
1104 3471 1157 3539 sd·
1178 3471 1312 3536 laetitiam

170 3577 318 3642 musione
330 3580 440 3644 risum
458 3578 673 3646 Cum-nutem
690 3583 919 3653 ludus'iltritns
933 3590 1033 3664 esset,
1044 3599 1087 3644 ex
1106 3577 1310 3642 moreDomioi

165 3667 314 3747 'Berones
345 3685 531 3755 et·nolriles
549 3689 636 3750 inter
667 3707 705 3751 se
727 3689 768 3752 de
792 3688 912 3757 ,tundo
935 3688 1038 3772 pretio
1062 3683 1226 3768 jooulotom'
1244 3703 1309 3748 eon·

170 3786 326 3852 terebant.
379 3783 518 3864 Quidem
550 3797 658 3853 eutem
690 3794 809 3858 nobilis
832 3793 921 3858 vnihil
955 3790 1156 3856 contribuere
1186 3791 1306 3872 roioin,

170 3907 338 3957 asserens:
360 3907 454 3956 suum
475 3891 653 3956 Plebenum
674 3910 774 3978 saepe
794 3894 1023 3980 praedicasse,
1045 3895 1131 3981 quod
1157 3895 1306 3961 irrtuliins

170 3997 256 4062 dutlo
277 4003 310 4060 et
331 3996 479 4076 eeoeptio
501 4003 590 4060 esset
610 3995 785 4084 damnose,
813 4010 847 4064 et
876 4001 1012 4064 mortale
1032 4007 1202 4084 peoeotum.
1234 3999 1304 4064 Cum

169 4105 278 4188 itaque
307 4104 369 4166 sim
406 4099 603 4166 constitutus
639 4099 674 4162 iu
710 4119 809 4166 suoru
838 4104 1114 4186 pengdnnione,
1149 4103 1211 4166 nolo
1243 4125 1302 4170 erm

170 4209 300 4276 foedere
323 4209 441 4275 vitiose
460 4201 610 4285 iuuene,
630 4203 689 4272 sed
708 4207 905 4286 pauperibus
926 4207 1072 4269 inunum.
1093 4209 1145 4270 lix
1158 4208 1210 4272 loe
1229 4211 1300 4274 itote
