2608 4842
55 305 198 370 offero
232 310 282 372 iu·
299 305 494 377 sacrificium
529 311 768 378 immaculatum
805 331 864 396 pro
904 313 1011 378 salute
1046 315 1178 380 humaui

14 415 122 474 eris
158 415 448 478 inremissionem
481 425 698 500 peccatorum.
741 419 786 480 Et
806 418 858 481 his
882 417 977 482 dictis
999 420 1039 483 ad
1062 440 1177 486 manus

14 518 327 600 crucifigentium
361 521 461 585 libere
483 522 587 605 dedit,
621 524 676 605 qui
709 542 783 586 eum
805 541 904 605 super
926 543 1054 590 crucem
1075 527 1177 610 proji-

14 632 113 686 rtes
139 623 329 690 crudeliter
353 629 575 692 extenderunt.
618 625 713 705 Quod
736 646 874 691 cernens
894 638 997 694 mater
1021 634 1178 695 moestis-

17 749 51 790 ει
85 731 268 815 accurrit,
306 740 338 793 et
369 732 478 798 velum
507 732 548 796 ed
577 733 752 816 tegendum
788 734 846 798 lilii
868 734 1019 818 pudende
1049 737 1175 820 obtulit,

14 857 22 894 r
56 844 107 898 et
131 844 252 902 tectus
273 835 342 899 fuit
363 837 449 902 Nam
467 838 568 923 locus,
583 840 617 903 iu
639 858 702 923 quo
723 841 821 902 heeta
834 840 936 924 Virgo
956 849 990 904 ot
1006 842 1175 905 lohannes

14 965 20 999 ι
65 959 189 1004 cruce
224 947 402 1026 steterunt,
432 963 534 1028 prope
564 945 652 1008 hunc
672 944 778 1007 locum
800 954 867 1027 ost,
903 947 1054 1028 quamvis
1085 956 1176 1013 extre

14 1046 152 1128 aplurn
173 1049 364 1130 ingressum
384 1049 514 1134 haheat,
528 1056 565 1113 ut
587 1067 647 1112 suo
669 1049 742 1112 loce
764 1049 897 1130 patebit.
920 1052 1056 1134 Exque
1079 1054 1175 1114 etiam

14 1161 230 1232 {umentem
252 1153 361 1237 capio,
396 1156 480 1237 quod
502 1154 657 1219 Christus
689 1155 785 1218 fuerit
820 1154 956 1218 interius
989 1156 1174 1240 crucifixus,

22 1276 123 1320 cum
146 1275 252 1320 cruce
272 1275 371 1342 supra
392 1279 506 1342 rupem
528 1261 677 1324 elevatus
705 1276 778 1323 cum
810 1260 995 1326 clamorosa
1013 1261 1174 1326 derisione

16 1363 217 1426 dacorum.

70 1467 167 1529 Post
190 1467 255 1530 loci
277 1469 365 1532 illius
387 1467 676 1554 deosculationem,
708 1471 742 1534 iu
763 1488 829 1553 quo
853 1467 1021 1534 Christum
1043 1472 1173 1534 crucili-

14 1593 63 1638 lm
92 1574 312 1656 suspicabar,
342 1577 562 1656 processimus
590 1585 704 1639 contre
735 1575 852 1660 altere,
885 1574 973 1658 quod
995 1575 1036 1638 ad
1061 1576 1174 1660 rupem

14 1679 182 1742 alveriae
205 1688 257 1741 est
289 1679 511 1764 aedificatum,
542 1682 575 1744 iu
597 1683 689 1746 cuius
706 1680 819 1745 dextro
853 1680 954 1742 latere
980 1681 1119 1746 vidimus
1139 1684 1174 1746 in

14 1803 73 1870 ipe
110 1785 311 1868 scissuram,
340 1804 423 1867 quae
454 1804 476 1846 a
494 1804 621 1848 summo
651 1785 819 1849 descendit
846 1803 951 1868 usque
982 1787 1014 1846 iu
1045 1795 1171 1850 terram.

14 1912 22 1951 r
50 1889 178 1952 eodem
200 1889 272 1951 loeo
296 1897 443 1952 mortuns
465 1899 515 1950 est
537 1899 570 1952 et
590 1890 740 1972 sepultus
762 1887 886 1970 Adam,
909 1891 1031 1971 primus
1053 1909 1173 1973 parens

14 2001 127 2076 oster,
147 1992 296 2056 etmulti
319 1993 439 2055 dicunt.
465 1994 668 2077 N'eeohstat,
682 1993 768 2077 quod
789 1993 907 2055 dieitur
920 1991 1173 2078 Josuaoxnn,

14 2099 87 2162 uod
113 2096 219 2160 Adam
251 2101 295 2162 sit
316 2101 350 2160 iu
372 2101 482 2160 Ehron
517 2101 601 2161 iuter
629 2099 765 2161 Eualrim
798 2097 962 2181 sepultus,
996 2100 1016 2160 i.
1039 2119 1067 2161 e.
1089 2103 1174 2164 iuter

14 2207 166 2287 igaurea
221 2199 307 2280 Quia
346 2202 461 2266 dicitur
492 2207 526 2266 iu
553 2206 778 2288 supplemento
801 2203 1051 2288 chronicorum,
1086 2206 1173 2290 quod

14 2310 113 2372 tdem
134 2317 277 2372 mortuus
299 2317 332 2370 et
353 2308 501 2392 sepultus
521 2310 616 2372 fuerit
638 2305 672 2372 iu
689 2319 799 2374 moute
811 2307 993 2390 calvariae,
1007 2319 1040 2372 et
1059 2321 1173 2393 postea

14 2433 127 2498 ιοηιιιε
147 2415 219 2497 ejus
245 2413 352 2496 demto
393 2415 500 2496 capite
545 2415 735 2478 translatum
763 2417 806 2479 sit
826 2416 860 2477 iu
880 2415 1009 2497 Ehrou,
1031 2417 1065 2477 in
1094 2433 1173 2498 spe-

14 2540 135 2584 uncam
157 2520 324 2602 duplicem.
369 2517 475 2602 Caput
496 2539 574 2582 vero
597 2521 690 2584 Adae
711 2529 874 2605 repertum
895 2528 948 2583 est
969 2528 1045 2601 post
1071 2521 1173 2585 mults

14 2643 154 2710 empore
185 2626 219 2686 in
257 2631 367 2689 monte
400 2627 582 2690 Calvariee.
636 2627 714 2690 ldeo
753 2628 895 2708 pictores
933 2633 1173 2690 consueverunt

14 2741 128 2794 :estam
147 2730 274 2795 humani
295 2733 411 2816 cepitis
432 2734 493 2796 suh
515 2751 612 2795 cruce
634 2732 818 2815 depingere.
861 2731 956 2796 Unde
981 2731 1173 2796 Ambrosius

14 2847 42 2898 et
73 2835 285 2918 Athanasius,
322 2837 577 2922 chrysostomus
613 2846 646 2900 et
674 2839 873 2921 Jeronymus
901 2839 935 2900 irr
968 2829 1104 2920 'epistola
1132 2835 1173 2899 ad

14 2939 196 3004 Marcellam
216 2949 248 3001 et
269 2942 303 3002 in
324 2941 468 3024 pluribus
491 2943 562 3006 aliis
587 2943 687 3025 locis,
719 2951 752 3006 et
768 2943 988 3006 Hebraeorum
1012 2942 1173 3025 dectores,

14 3047 144 3109 dieunt:
163 3045 265 3109 Adam
285 3048 340 3110 hio
360 3065 534 3132 peccasse,
555 3057 590 3112 et
611 3049 716 3112 fuisse
737 3049 918 3134 sepultum,
946 3048 1038 3131 ideo,
1062 3055 1100 3112 ut
1119 3048 1174 3112 uhi

16 3158 191 3234 corruptam
211 3159 265 3214 est
284 3170 390 3235 genus
408 3153 599 3238 humanum,
624 3156 669 3218 ihi
691 3153 844 3218 Christus
870 3155 1033 3238 proprium
1055 3171 1173 3235 corpus

21 3257 176 3340 exposuit,
204 3267 237 3320 et
268 3260 323 3322 nhi
354 3261 513 3323 seminata
543 3267 596 3322 est
625 3261 804 3342 corruptio,
835 3258 953 3321 ibidem
975 3258 1173 3340 incorruptio

21 3363 158 3426 oriretur.
197 3366 288 3426 Haec
315 3364 514 3428 Anthonius.
554 3363 699 3426 Sanctus
720 3365 818 3424 etiam
853 3362 1053 3442 Jerouymus
1075 3379 1174 3442 saepe

25 3467 105 3529 idem
126 3467 204 3530 dicit.
245 3470 284 3530 ln
304 3466 444 3550 quodam
465 3478 573 3530 lamen
592 3467 665 3530 loco
684 3467 779 3530 dicit:
813 3464 900 3548 quod
925 3463 1043 3548 dicere,
1065 3463 1172 3528 Adam

26 3573 69 3634 ibi
88 3573 240 3654 sepultum,
261 3572 307 3633 sit
328 3571 507 3633 favorabile
526 3578 561 3632 et
582 3589 677 3634 aures
706 3570 902 3633 demulcens.
946 3569 1071 3634 Locum
1094 3585 1173 3654 ergo

29 3677 177 3738 scissurae
196 3674 372 3739 deosculati
392 3692 523 3757 sumus,
554 3684 589 3738 et
609 3676 715 3740 lecum
735 3673 923 3757 sepeulturae
942 3675 1047 3738 Adam
1069 3675 1173 3758 petris

32 3781 132 3843 nostri.

109 3886 193 3950 Porro
228 3883 414 3951 orientales
457 3883 586 3968 dieuut,
625 3885 661 3948 in
698 3905 741 3962 eo
769 3885 842 3948 loco
874 3885 1036 3970 sepultum
1068 3882 1173 3948 fuisse

35 3989 259 4077 Melchisedech,
283 3992 420 4076 primm
439 3991 642 4056 sacerdotem
659 3991 855 4080 Jerusalem.
877 3991 934 4054 De
952 4011 1017 4076 quo
1036 3991 1173 4054 hahetur

41 4094 450 4170 arremarensem
482 4097 553 4162 109.
594 4097 663 4162 Sed
684 4099 746 4164 hoe
763 4097 864 4162 latina
896 4107 928 4160 et
960 4093 1172 4162 occidentalis

44 4205 159 4268 ecclesia
178 4223 235 4269 non
256 4204 386 4288 recipit,
404 4209 539 4288 propter
561 4204 683 4270 dictum
704 4203 844 4288 apostmi
874 4204 1013 4266 Hebrae.
1036 4215 1106 4278 cap.
1129 4194 1171 4280 7.,
