2608 4842
553 45 614 140 au

12 263 168 318 ι·ιιιιι;’
186 273 211 318 a
232 254 349 342 qnibns
372 253 565 335 charitative
584 253 705 320 luimus
736 258 856 339 reeepti
893 264 926 319 et
956 251 1103 319 tractati:
1136 259 1170 314 et

8 363 150 424 riam
189 361 310 424 uellam
341 361 435 422 nobis
458 361 560 422 tribus
590 359 860 442 assignaverunt,
885 342 928 420 et'
952 357 998 421 ita
1023 357 1170 440 cumeis

1 509 2 512 κ
27 466 273 550 educavimus,
295 466 434 530 bibimus
455 472 488 527 et
515 464 725 528 dormivimus
752 469 785 526 et
805 461 877 526 Deo
905 465 1027 545 puriter
1058 461 1168 526 servi-

0 591 94 635 us.
123 573 169 634 ln
194 573 252 634 illa
264 569 347 634 oolla
367 578 443 653 post
464 571 604 633 omnium
625 567 868 652 peregrinorum
878 583 1042 630 recessum
1063 567 1169 630 mansi

26 678 90 740 tis
117 677 244 740 diebus
270 677 304 738 in
325 675 410 737 bona
430 691 513 756 paee
533 683 566 738 et
586 675 708 757 sptium
740 670 927 756 provisione
953 671 994 739 de
1012 673 1169 738 elediata

1 803 110 846 ‘nam
134 791 174 846 et
199 782 333 846 fratrum
354 780 511 842 minorum
533 779 653 844 montis
673 775 776 863 Sym.

13 1021 207 1110 'isitotie
232 1037 440 1108 sanctorum
463 1027 627 1108 lueornm
651 1027 784 1104 montis
808 1025 914 1129 syon
944 1034 1132 1103 eteorum

470 1147 681 1252 descriptio.

56 1315 345 1414 'tertiadecima
376 1317 446 1403 die,
479 1337 563 1402 qnae
594 1319 655 1382 fuit
687 1319 846 1383 dominica
876 1317 906 1383 7.
942 1324 1017 1400 post
1053 1313 1172 1378 festum

1 1426 163 1488 imitatis
188 1433 221 1487 et
241 1424 361 1487 festum
382 1423 418 1488 S.
439 1423 669 1506 Margarethae
688 1425 837 1508 virginis,
858 1423 945 1486 misit
966 1429 1061 1504 pater
1084 1417 1173 1484 (iar-

0 1557 10 1583 ι
24 1547 106 1592 nus
132 1529 264 1614 aliquos
289 1527 329 1594 de
350 1529 504 1592 fratribus
526 1527 596 1594 suis
618 1529 660 1592 ad
681 1511 842 1612 hospitale
877 1527 912 1590 S.
944 1526 1116 1608 iohannis,
1137 1533 1172 1587 et

0 1635 122 1698 eavit
137 1653 255 1698 omnes
279 1637 469 1718 peregrinos
486 1635 528 1699 ad
548 1635 675 1701 Missae
700 1634 842 1698 ollieinm
862 1635 896 1696 in
914 1641 1057 1696 montem
1069 1631 1171 1716 Syon.

38 1737 274 1802 ascenderunt
294 1757 406 1803 omnes
428 1759 502 1804 eum
524 1740 590 1806 illis
612 1740 767 1804 iratribus
799 1741 833 1802 in
863 1739 1037 1802 eeclesiam
1067 1737 1171 1822 Syon,

10 1848 55 1928 t)
81 1851 316 1928 exspectantes
350 1847 384 1908 in
407 1864 447 1907 ea
477 1856 607 1930 tempus
639 1847 757 1910 summi
791 1843 894 1908 officii
922 1853 955 1906 et
982 1845 1169 1908 Missurum.

1 1953 70 2012 'rat
99 1951 190 2013 enim
215 1949 321 2012 adhue
348 1968 443 2012 mane
471 1959 565 2014 ortus
586 1950 677 2035 solis,
699 1951 755 2034 qni
776 1947 919 2011 nondum
939 1955 1043 2030 ortus,
1059 1949 1174 2030 inerat,

6 2053 129 2118 nando
151 2055 317 2138 peregrini
337 2053 562 2117 ascenderunt.
605 2055 704 2118 Porro
727 2055 845 2117 fratres
864 2055 904 2116 ob
932 2053 1176 2135 peregrinorum

6 2161 198 2223 ominosum
231 2161 446 2224 reverentiam
464 2159 615 2240 chorum,
636 2143 808 2225 eeclesiam
838 2167 871 2221 et
898 2159 1014 2223 altaria
1041 2158 1176 2242 pulchro

0 2272 200 2328 rnaveront
238 2273 271 2327 et
309 2266 492 2328 vestierunt
528 2265 678 2346 pretiosis
708 2263 834 2348 pannis.
895 2261 1070 2348 Nunquam
1107 2263 1177 2328 vidi

0 2369 211 2433 ›retiosiores
237 2349 384 2452 pannosj
412 2369 581 2432 mulierum
612 2388 709 2451 opere
747 2369 852 2431 laotos
883 2386 956 2430 uum
984 2369 1178 2452 imaginibus

19 2478 93 2536 itae
113 2474 236 2538 Christi
259 2483 293 2536 et
314 2477 437 2557 mortis,
458 2489 554 2557 quam
574 2473 628 2537 ibi.
688 2471 784 2538 Unde
804 2472 977 2538 Sarraceni
1007 2475 1117 2558 magni
1146 2484 1180 2538 et

4 2581 102 2643 luroi
123 2588 156 2643 et
165 2579 376 2644 Mamelneia
390 2579 566 2664 longinquo
580 2579 749 2642 venientes
767 2587 882 2662 petunt
903 2579 964 2642 sibi
984 2597 1111 2663 pannos
1124 2591 1180 2645 aut

15 2686 141 2766 aperias
161 2681 235 2748 illas
255 2685 435 2750 monstrari.
479 2685 522 2748 Et
543 2684 674 2768 qnando
695 2684 814 2748 domini
834 2685 992 2768 pruoleeti
1024 2693 1057 2748 et
1085 2686 1178 2768 eapi-

1 2791 94 2852 tanei
114 2792 253 2854 eivitatis
282 2779 466 2856 Jerusalem
488 2791 609 2854 habent
631 2792 749 2854 eharos
770 2792 939 2874 hospites,
973 2789 1095 2856 ducunt
1116 2809 1175 2855 eos

6 2893 41 2955 in
59 2901 195 2960 montem
216 2894 321 2980 Syou,
344 2905 377 2959 et
398 2904 514 2980 rogant
528 2883 653 2960 'iratres'
673 2896 830 2980 suspendi
850 2904 883 2958 et
898 2897 1027 2961 ostendi
1038 2916 1174 2981 pannos.

6 3000 82 3060 Hos
95 3017 213 3082 pannos
230 2999 296 3064 dux
306 2985 757 3084 BurgundiaePhilippuspro
777 3002 833 3066 illa
852 3001 993 3066 ee'elesia
1004 3003 1082 3066 feeit
1094 3003 1177 3085 lieri,

12 3104 68 3186 qui
95 3103 187 3166 multa
208 3105 271 3170 alia
293 3109 376 3170 hona
403 3105 449 3170 illi
471 3106 646 3170 conventui
678 3107 820 3170 eontulit.
873 3106 940 3170 Sed
972 3117 1006 3170 et
1032 3108 1098 3172 alia
1119 3126 1179 3170 ee-

16 3207 131 3272 elesiae
150 3209 233 3274 illius
261 3216 448 3275 ornamenta
469 3218 546 3274 sunt
564 3210 720 3294 pretiosa·
767 3213 871 3275 Atare
892 3195 997 3294 majus
1020 3213 1179 3296 repletrnn

18 3313 118 3376 stabat
135 3318 349 3380 monstrandis
367 3313 410 3379 'et
444 3297 636 3398 reliquiariis
668 3315 851 3397 deauratis,
879 3325 911 3378 et
940 3317 1050 3378 tabula
1082 3333 1182 3398 super

19 3417 115 3482 altare
143 3419 309 3503 deaurata,
339 3421 375 3484 in
395 3439 460 3505 qua
473 3420 576 3501 'juxta
596 3427 746 3485 sanetum
767 3421 981 3482 ll'raneiseum
1017 3419 1180 3501 depictum

22 3528 87 3586 stat
105 3519 191 3588 etiam
211 3514 348 3586 sanetus
369 3530 461 3607 pater
490 3532 600 3586 noster
619 3523 810 3586 Dominious
845 3522 1028 3586 notabiliter
1056 3526 1182 3606 pictura

27 3645 198 3710 expressus.
237 3627 390 3714 Ecclesia
409 3627 466 3692 illa
487 3645 551 3690 non
574 3613 626 3688 est
647 3644 774 3711 magua,
797 3625 875 3712 qnia
895 3628 998 3692 solum
1024 3637 1075 3692 est
1100 3647 1178 3714 pars

27 3731 285 3816 eoolmiaoSyor.
305 3731 506 3814 elimoniis,
528 3729 603 3795 dum
621 3729 728 3794 adhue
739 3730 914 3797 Christiani
935 3743 1085 3818 regerent
1107 3746 1180 3798 ter-

30 3854 92 3900 ram
111 3836 200 3918 illam,
218 3847 288 3901 erat
308 3837 441 3922 grandis
464 3837 605 3900 eeclesia
621 3821 661 3900 'in
682 3837 753 3904 loca
776 3838 854 3922 illo,
883 3857 978 3924 quam
1008 3839 1180 3906 Sarraceni

32 3940 244 4006 dextruxerunt
268 3961 374 4030 usque
408 3923 621 4028 adabsidem
642 3941 696 4006 vel
718 3943 894 4027 capellam,
915 3963 998 4028 qnae
1019 3949 1182 4012 eeclesiae

38 4055 65 4108 et
91 4049 175 4112 ohoro
200 4048 234 4111 in
266 4047 399 4114 dextero
434 4050 536 4112 latere
557 4056 627 4111 erat
658 4065 795 4112 arrnexa.
846 4051 891 4112 Et
921 4051 1003 4140 liaeo
1025 4071 1102 4136 pars
1130 4061 1183 4119 est

38 4148 120 4216 nouo
145 4151 274 4220 eeclesia
308 4161 342 4218 et
376 4155 495 4221 ehorns
529 4153 671 4218 fratrum.
721 4149 851 4220 nunno
877 4147 1003 4310 auti‘qfiui
1029 4157 1121 4222 ohorl
1149 4164 1183 4234 et

940 4255 953 4312 l
