2716 4798
152 393 155 400 Ι
257 297 316 374 De
343 293 448 372 nodo
472 291 709 373 mauudueandi
734 294 1006 400 peregrinorum
1030 293 1066 369 in
1090 293 1232 377 Galea.
1335 385 1336 388 p

235 480 373 542 Instanti
392 481 471 544 luero
491 477 617 560 prondii
628 485 684 540 eut
703 491 826 538 noento
845 485 981 560 surgunt
991 487 1130 562 quotuor
1151 476 1336 556 tubieinoo}

152 592 186 648 et
205 591 439 668 omnipotetem
457 585 543 648 tubis
563 587 759 664 concrepant
778 599 836 663 pro
854 583 994 647 eimbulo
1011 582 1052 645 od
1074 593 1244 665 mensem,
1268 599 1320 662 quo

153 689 261 754 eudito
282 707 356 753 enm
378 707 496 771 magne
517 689 702 752 festinantia
722 696 893 750 euenerunt
911 702 1041 770 omnes,
1062 688 1120 772 qui
1144 687 1188 750 do
1211 703 1320 750 mensu

152 794 270 862 domitu
291 793 417 876 petroni
437 801 523 876 enm,
545 791 587 856 ed
607 795 759 876 puppim,
781 792 1152 876 etudonoofosunom,
1175 801 1214 854 nt
1236 793 1321 854 aoei-

152 899 242 982 plont
265 898 371 962 loenm
392 901 520 984 quietae
540 899 709 981 sessionis,
730 897 823 981 quio,
845 899 900 980 qui
922 896 966 961 ibi
986 897 1079 961 torde
1104 900 1221 980 venit,
1243 895 1319 958 nolo

152 1003 254 1068 sedet.
284 1003 365 1066 'Pres
385 1004 471 1070 enirn
495 1017 629 1067 monete
648 1010 803 1084 ponuntur
822 1004 856 1064 in
876 1007 975 1086 puppi
996 1004 1081 1066 beno
1104 1011 1143 1064 et
1165 1001 1315 1079 ordinere,

153 1117 186 1172 et
206 1109 260 1191 qui
281 1108 323 1171 ed
342 1109 418 1172 illos
436 1117 545 1192 petest
566 1105 690 1189 sedero,
704 1107 796 1170 <bene
816 1107 925 1189 hebet,
937 1111 999 1191 qul'
1013 1106 1203 1171 veroterde
1223 1105 1314 1184 venit,

150 1220 244 1276 extro
264 1214 395 1296 puppim
422 1213 456 1282 in
476 1214 618 1278 numnis
639 1211 837 1294 pheneum
859 1211 985 1276 sedebit
1004 1212 1090 1277 mele
1112 1221 1151 1274 et
1175 1213 1211 1274 in
1242 1209 1311 1288 sole

150 1327 250 1381 vento
274 1327 307 1380 et
324 1318 446 1399 pluvio.
465 1319 503 1380 ln
521 1321 587 1380 isto
607 1317 756 1380 sessione
774 1326 909 1380 nonest
930 1317 1017 1401 ordo,
1036 1315 1098 1379 sed
1119 1317 1215 1398 prior
1234 1315 1310 1387 luent

150 1439 190 1488 so
209 1421 251 1485 ed
267 1421 431 1506 ploeitunu,
451 1439 514 1486 nee
534 1439 657 1505 perper
679 1419 771 1483 diviti
792 1419 913 1502 deiort,
941 1439 1003 1484 nee
1029 1423 1180 1484 rustiene
1208 1418 1308 1492 nobili,

151 1545 213 1594 neo
231 1528 438 1592 meoluouiens
462 1509 639 1608 maudoit,
668 1543 729 1587 nee
759 1523 858 1588 idiota
886 1526 1018 1608 doetori‚
1048 1543 1113 1589 nee
1135 1525 1308 1588 snooulorio

149 1633 313 1716 religioso,
336 1633 398 1694 nisi
422 1641 554 1714 propter
569 1629 771 1712 enguumrom
799 1629 1056 1694 familiaritatem.
1071 1630 1200 1716 aliquis
1225 1629 1306 1692 uliud

149 1739 294 1802 honoret.
337 1735 479 1800 Causam
501 1743 609 1800 entem
639 1735 731 1798 illius
756 1734 1007 1800 deordinetienls
1026 1743 1060 1797 et
1079 1717 1306 1797 irreverentiae

148 1843 234 1906 bone
255 1856 330 1904 osse
350 1843 471 1925 opinor,
493 1843 569 1926 quio
589 1854 701 1908 omnen
714 1839 995 1924 oeqnnlepretinm
1014 1841 1151 1904 solvunt
1172 1848 1304 1922 petrono,

146 1950 292 2012 'minores
312 1955 436 2010 ttnmm
458 1955 611 2031 quonium
632 1945 781 2030 majores.

232 2050 339 2120 credo
360 2052 453 2134 bene,
475 2055 505 2114 st
526 2067 664 2136 unm-tuoe
685 2050 850 2134 dignitatis
874 2064 1034 2134 personne
1061 2047 1235 2112 solverent
1259 2044 1307 2108 lul

144 2155 295 2240 duculos,
317 2163 348 2218 et
369 2151 533 2238 simplices
555 2173 594 2218 oo
614 2156 731 2239 plebeii
751 2157 837 2240 XX„
857 2165 913 2218 out
937 2157 967 2218 si
983 2163 1138 2238 petronus
1159 2155 1308 2238 reoiperel

148 2259 317 2345 peuunioun
350 2261 390 2324 ob
421 2275 614 2345 unoquoquo
637 2261 817 2325 seeundum
845 2262 1097 2344 proportionem,
1131 2259 1225 2343 qnod
1245 2269 1308 2322 tuoe

148 2369 252 2431 honor
272 2375 305 2430 et
325 2369 508 2432 reverentia
528 2376 617 2431 esset
635 2369 792 2432 minorum
814 2367 857 2430 od
877 2367 1024 2450 majores.
1072 2365 1215 2447 Propter
1238 2367 1310 2429 bono

149 2491 280 2538 oensem
302 2473 436 2556 nobiles,
455 2477 512 2562 qui
535 2475 655 2549 hebent
676 2473 824 2554 famulos,
853 2472 1048 2534 nuendneout
1065 2471 1163 2553 juxte
1183 2471 1307 2546 potum,

150 2585 205 2640 eut
224 2580 259 2639 in
280 2579 406 2644 onmbis
426 2581 497 2642 suis
517 2597 591 2642 oum
609 2579 751 2660 lumine,
774 2579 870 2640 etiem
901 2576 1007 2640 medio
1028 2575 1097 2658 die,
1124 2575 1239 2656 qnedo
1267 2575 1310 2635 nir

150 2691 200 2744 eet
221 2681 387 2744 obscurus.
438 2683 538 2745 Porro
565 2699 694 2764 semper
717 2683 751 2743 in
772 2683 928 2763 prineiplo
956 2699 1089 2744 mensae
1116 2681 1311 2742 ministretur

149 2785 296 2856 omnibus
318 2784 531 2869 molfosotum,
563 2796 598 2849 et
615 2773 758 2869 sequens
780 2786 871 2848 eibne
892 2788 1070 2850 eommunis
1101 2793 1152 2846 ost
1176 2793 1309 2867 perotus

148 2906 237 2963 unere
256 2887 386 2950 italico:
410 2897 442 2950 ot
473 2893 611 2972 primum
637 2873 688 2952 est
714 2890 907 2953 solutneinnu
933 2889 1066 2953 loetnee·
1083 2889 1251 2972 oleatum,
1285 2887 1309 2948 si

148 2990 519 3074 olorapossunthoberi3
541 3003 697 3058 mmrnes
711 2997 829 3058 ovinae
849 2997 882 3056 in
903 2995 1048 3078 prandio,
1064 3003 1104 3057 et
1113 2993 1312 3076 pulmentum

146 3097 201 3161 vel
222 3103 417 3160 menestrnm
440 3096 480 3159 do
502 3097 603 3180 ferro,
624 3107 680 3160 ont
700 3098 741 3160 de
760 3100 863 3162 lrooto
885 3099 1064 3182 frumento,
1094 3107 1151 3162 out
1182 3100 1313 3175 hordeo,

145 3212 202 3268 ent
222 3210 396 3288 pennatum
418 3211 450 3266 et
471 3219 603 3266 eoseum
624 3221 786 3268 meorum:
809 3205 843 3268 in
865 3202 979 3266 diebus
1010 3221 1089 3268 roro
1117 3202 1312 3284 jejuniorum

146 3319 180 3373 et
205 3331 270 3374 non
291 3309 435 3376 corutum
466 3311 693 3392 ministrentur
706 3309 854 3392 piseiouli
881 3306 959 3375 dieti
990 3308 1137 3391 zebilini,
1165 3308 1253 3382 salsi
1283 3311 1312 3370 iu

21 3449 28 3499 '.
146 3423 238 3478 aceto
267 3417 388 3502 pleot03
409 3417 464 3482 vel
485 3416 636 3501 placente
657 3414 697 3477 do
727 3415 799 3476 ovis
820 3431 894 3476 eum
918 3433 983 3476 uno
1003 3413 1176 3496 pulriuento.
1206 3413 1312 3475 Peneo

146 3523 295 3588 reeentes
314 3521 457 3589 tribuunt
482 3541 582 3606 prope
611 3528 734 3605 portus.
766 3519 856 3580 boet
877 3519 1023 3599 quintum
1045 3520 1130 3582 enim
1152 3517 1240 3580 diem
1251 3533 1312 3580 non

147 3626 255 3679 monet
276 3623 370 3700 ponis
395 3639 510 3686 reeens
531 3623 564 3684 in
586 3624 691 3705 geldo.
735 3623 777 3698 Et
794 3623 846 3686 hie
868 3623 1098 3689 delinientibus·
1113 3622 1192 3686 dont
1215 3626 1308 3705 paxt-

146 3728 250 3792 maloe
267 3721 323 3795 rel
346 3727 548 3808 perimetros,
570 3745 675 3808 pones
704 3729 859 3811 bioootos,
873 3747 956 3812 quos
971 3731 1112 3792 biseeus
1132 3729 1308 3804 nominent,

146 3825 201 3908 qni
222 3831 299 3884 sunt
319 3822 391 3886 duri
412 3835 447 3889 nt
467 3827 563 3910 lepis,
584 3832 645 3895 sed
665 3833 741 3894 dnm
763 3851 847 3914 eque
879 3841 935 3896 ant
960 3835 1036 3906 vino
1064 3831 1308 3914 perfunduntur,

145 3928 254 4004 sittim
280 3926 474 4009 liquescunt.
530 3930 656 4008 vtnum
684 3936 882 4003 ministretur
914 3933 1069 4021 mum
1101 3937 1175 4019 quis
1195 3938 1309 4000 -bibere

144 4041 261 4118 potest,
282 4051 340 4132 pro
362 4039 505 4112 tempore
525 4033 653 4117 bonum,
672 4047 706 4098 et
729 4037 922 4134 quandoque
942 4042 1038 4124 exile,
1057 4057 1186 4121 semper
1204 4050 1306 4105 tomen

143 4159 228 4232 aquo
247 4142 330 4216 bopo
341 4138 474 4212 mixtum
484 4145 516 4204 et
527 4137 732 4224 baptizatum·
755 4139 838 4202 Cum
849 4144 1013 4207 eeleritate
1023 4153 1130 4206 antem
1141 4147 1302 4224 prondinuu
