2736 4768
705 138 750 204 st

146 324 263 408 quibus
275 327 420 402 venerat,
437 321 619 402 navigaret.
641 319 762 404 Sicque
775 321 848 382 aliis
869 317 1093 382 recedentibus
1108 319 1164 382 ille
1181 323 1316 384 mmm.

145 429 221 492 Non
244 425 354 488 multis
384 431 490 488 autem
523 425 644 511 elapsis
679 426 769 488 horis
795 415 890 488 navis
917 424 1069 508 procellis
1100 442 1140 488 uc
1160 425 1318 488 fluetibus

146 536 259 598 obruta
279 531 392 614 periit,
419 539 451 592 et
473 548 585 594 omues
606 532 639 594 in
662 549 702 592 ea
723 532 911 593 existentes.

227 636 327 700 Porro
349 637 439 697 venti
459 634 508 696 illi
528 636 661 701 inutiles
688 639 793 718 magis
815 654 854 700 ac
882 635 988 717 magis
1005 635 1205 718 augmentati
1225 645 1319 716 sunt,

136 723 178 807 'et
206 744 309 806 tribus
341 739 455 802 diebus
487 758 528 800 ac
559 743 708 806 noctibus
739 745 774 804 in
812 741 878 806 illis
909 742 1041 823 rupibus
1071 743 1250 808 mansimus
1284 751 1320 804 et

143 852 294 934 quotiens
315 847 441 928 egressi
470 847 600 929 fuimus,
627 851 746 910 totiens
764 850 798 911 vi
825 855 994 910 ventorum
1011 845 1156 928 seiujecti
1179 846 1318 930 fuimus,

144 975 217 1018 cum
239 953 379 1017 maxima
399 950 548 1017 molestia
569 955 719 1017 omnium.
755 953 979 1016 Veruntamen
996 949 1055 1017 ills
1079 951 1229 1017 molestia
1251 953 1319 1016 fuit

145 1069 257 1125 nostra
276 1057 378 1125 salus.
420 1055 507 1119 Nam
536 1057 610 1122 dnm
642 1058 746 1122 triduo
767 1067 842 1142 post
869 1061 954 1122 bono
981 1065 1079 1122 vento
1109 1055 1245 1118 afflante
1276 1057 1320 1120 de

78 1220 83 1229 .
141 1167 197 1230 illo
226 1166 298 1227 loco
333 1181 422 1225 mare
454 1163 553 1229 altum
585 1173 787 1246 peteremus,
819 1167 958 1231 occurrit
989 1164 1083 1226 nobis
1119 1181 1185 1227 una
1214 1161 1319 1244 gater

142 1267 304 1350 praedalis
321 1272 506 1354 venetiana,
519 1279 551 1332 ct
574 1270 649 1334 dum
667 1269 762 1351 juxta
781 1287 841 1332 nos
857 1272 1014 1351 venisset,
1030 1271 1319 1348 interrogavemnt

141 1391 203 1434 nos
235 1373 486 1456 gubernatores,
517 1393 559 1434 an
587 1374 710 1454 aliquid
741 1375 832 1454 passi
860 1374 1035 1439 fuissemus
1064 1375 1099 1434 in
1126 1375 1183 1434 via
1210 1377 1318 1437 maris

141 1476 245 1559 pridie
265 1477 320 1540 vel
341 1478 459 1542 nudius
482 1475 621 1541 tertius‘t
656 1476 781 1555 Quibus
808 1496 881 1542 cum
903 1477 1102 1561 diceremus,
1123 1477 1225 1561 nibil,
1248 1482 1318 1542 nisi

56 1630 62 1643 .
143 1589 261 1644 ventos
284 1587 480 1665 contrarios,
511 1585 566 1666 qui
595 1601 656 1644 nos
686 1583 865 1649 tutassent
894 1585 929 1644 in
950 1593 1120 1667 montana,
1149 1583 1316 1668 diruerunt,

143 1684 311 1748 benedieti
333 1689 399 1748 sint
419 1688 509 1749 venti
528 1687 590 1769 illi,
623 1689 759 1768 quivos
782 1687 823 1748 ad
844 1687 916 1750 loca
943 1689 1071 1755 occulta
1093 1688 1314 1770 Jectuverunt.

145 1790 183 1853 Si
204 1793 340 1854 enimin
360 1791 528 1854 latitudine
543 1794 642 1856 maris
660 1793 763 1875 pridie
775 1793 931 1877 fuissetis,
945 1797 980 1856 in
999 1795 1138 1858 classem
1157 1802 1315 1856 amnatam

146 1898 304 1959 turcicum
338 1896 555 1980 incidissetis,
591 1916 675 1981 quae
712 1902 820 1982 pergit
853 1908 981 1967 contra,
999 1899 1168 1984 Apuliam,
1199 1906 1239 1961 ut
1272 1900 1316 1960 ibi

142 2002 281 2083 praedas
314 2019 336 2064 a
365 2001 550 2067 christianis
587 2012 704 2066 sumat.
761 2006 836 2068 Hoc
869 2004 979 2072 audito
1018 2003 1090 2080 (18
1112 2001 1165 2079 Δ)
1204 2001 1314 2066 Deum

143 2107 363 2189 laudavimus,
386 2110 441 2191 qui
460 2125 521 2170 nos
543 2109 659 2192 eripuit
685 2109 726 2170 de
746 2110 895 2174 menibus
916 2115 1078 2170 turcorum
1099 2109 1162 2171 bac
1182 2109 1272 2170 vice.

224 2211 448 2275 Processimus
484 2221 592 2275 autem
632 2222 761 2296 etpost
782 2215 904 2295 aliquot
925 2211 996 2277 dies
1018 2211 1059 2274 ad
1079 2211 1260 2286 Kursulam
1282 2215 1316 2274 in

140 2316 289 2400 Illyrium
310 2319 478 2408 venimm,
499 2327 532 2382 et
552 2327 679 2403 portum
701 2319 864 2384 Kursulae
885 2319 1028 2381 civitatis
1048 2319 1191 2400 ingrcssi
1212 2337 1314 2385 mane

92 2473 100 2488 .
140 2425 273 2487 missam
293 2423 338 2486 ibi
359 2425 552 2490 audivimus.
595 2426 657 2489 Est
678 2431 785 2490 autem
806 2425 950 2490 Kursula
977 2424 1094 2489 ciuitas
1123 2424 1157 2484 in
1178 2422 1315 2505 Illyrico
1354 2459 1355 2464 ι

139 2529 223 2612 sita,
259 2537 292 2592 et
314 2529 376 2592 alio
398 2533 528 2594 nomine
558 2538 695 2592 vocatur
721 2530 826 2613 Propo
853 2533 889 2593 in
920 2529 1003 2611 alto,
1038 2544 1137 2608 supra
1166 2537 1313 2591 montem

141 2641 308 2716 petrosum
339 2637 403 2709 sita
433 2633 489 2696 vel
510 2635 633 2716 locata,
667 2651 771 2714 parva
792 2633 922 2716 quidem
953 2631 1013 2694 sed
1043 2632 1216 2715 populosa,
1250 2635 1313 2696 snb

63 2756 69 2765 ·
142 2737 282 2800 dominio
305 2737 516 2820 Venetorum,
539 2747 573 2802 et
592 2739 693 2802 muris
720 2755 760 2800 ac
781 2738 922 2798 turribus
943 2736 1030 2800 bene
1050 2739 1183 2820 munita,
1206 2745 1315 2800 otest

141 2842 186 2903 ibi
207 2842 435 2924 Episcopatus.

126 2991 130 2998 .
224 2946 324 3008 Porro
356 2949 452 3010 timor
481 2963 620 3030 maguus
655 2943 780 3010 invasit
814 2961 927 3011 omnes
960 2945 1194 3014 inhabitatores
1219 2944 1314 3030 ejus,

140 3059 385 3135 praecaventes,
403 3071 452 3115 ne·
466 3052 550 3114 forte
560 3052 665 3132 turci,
682 3068 764 3132 quos
785 3067 844 3131 per
862 3069 951 3116 mare
964 3054 1079 3133 vagari
1095 3050 1137 3112 ad
1153 3051 1311 3132 praedam

140 3155 291 3232 uiderunt
324 3157 455 3220 cottidie
460 3201 471 3240 ,
518 3158 615 3220 etiem
648 3174 706 3218 eos
738 3153 946 3240 invaderent,
980 3165 1012 3218 et
1041 3157 1238 3219 mirabantur
1271 3157 1315 3220 dc

116 3263 251 3345 nobis,
271 3261 357 3348 quod
378 3263 535 3345 rravigaro
557 3281 615 3344 per
636 3279 724 3325 mare
745 3277 1036 3346 praesumeremus·
1048 3262 1086 3325 in
1106 3268 1197 3326 tanto
1218 3264 1311 3344 peri-

86 3395 93 3413 ·
140 3368 224 3437 culo.
266 3369 310 3430 Et
339 3368 516 3450 prudentes
545 3384 730 3454 regressum
763 3367 858 3430 nobis
900 3365 1123 3429 consulebant.
1157 3365 1235 3439 ¹Sed
1268 3366 1312 3430 ad
1352 3347 1353 3360 ¹

87 3542 91 3553 ¹
138 3473 220 3535 haec
242 3474 372 3536 minime
390 3472 597 3538 intendimus.
626 3471 755 3534 Navem
777 3479 884 3534 autem
905 3472 1187 3554 ingressisumus,
1211 3473 1309 3534 emtis

40 3630 45 3639 .
120 3578 172 3669 qiu
200 3579 332 3638 civitate
364 3579 457 3660 vino,
490 3586 523 3639 et
563 3577 718 3660 panibus,
756 3584 791 3638 et
828 3575 917 3648 aliis,
949 3573 1156 3656 necessariis.
1219 3570 1308 3636 Dum

118 3668 123 3676 ''
137 3699 216 3744 vcro
238 3690 441 3746 antemonem
478 3700 606 3745 sursum
651 3680 832 3762 traherent,
878 3699 920 3743 ex
968 3677 1137 3761 cujusdam
1158 3675 1310 3759 galeotae

137 3787 336 3870 negligentia
357 3787 505 3850 deorsum
527 3787 605 3869 ruit,
637 3794 670 3846 et
691 3785 851 3872 quendam
879 3783 976 3847 alium
998 3784 1160 3868 galeotem
1189 3799 1310 3863 percu-

137 3892 221 3952 tiens
243 3892 407 3958 exstinxit.
451 3891 539 3954 Huic
560 3889 742 3974 periculoso
772 3891 864 3952 casui
888 3908 988 3972 prope
1022 3887 1122 3952 astitit
1147 3885 1308 3948 Dominus

137 3988 390 4056 Senomancnsis
423 3997 612 4078 episcopus,
646 4003 679 4055 et
700 4012 762 4076 ego
790 3994 937 4058 adlatus
970 3992 1059 4076 ejus,
1092 4010 1165 4054 cum
1194 3989 1305 4054 multis

136 4094 227 4177 aliis,
268 4105 301 4158 et
332 4116 444 4180 parum
483 4098 639 4180 distabat,
678 4097 765 4180 quod
796 4116 909 4162 omnes
942 4099 1118 4162 fuissemus
1158 4097 1306 4180 oppressi

136 4208 170 4261 et
202 4205 361 4264 exstincti.
405 4203 567 4268 Juvenem
599 4212 705 4267 autem
740 4206 951 4289 exstinctum,
982 4203 1164 4268 involutum
1194 4204 1304 4284 linteo,
