2780 4776
664 133 730 204 377

105 331 247 402 specum
284 316 487 405 munimine,
527 337 599 386 nou
623 318 753 404 quidem
780 329 856 384 arte·
879 324 927 384 et'
947 335 1044 388 mun
1079 321 1200 390 iactum
1227 343 1287 410 per

107 425 200 508 rupis
215 424 416 510 ιιιοίιιίοιιοιιι,
437 425 500 489 sed
517 443 538 488 a
558 425 723 490 creatione
743 425 789 488 ab
812 425 906 490 initio
928 425 1097 500 formatum
1119 439 1153 495 et
1173 429 1290 515 dispo-¹

107 537 219 613 ιιιιιιι,
240 536 278 592 ιιι
298 537 390 594 esset
408 530 500 595 locus
520 530 679 614 crationi,
700 529 899 595 meditationi
944 541 978 595 et
1008 534 1289 622 oonnmplutoni,

108 635 311 718 aptissimis,
330 643 365 698 et
384 635 591 700 solitudinem
611 635 808 700 desideranti
829 653 1002 720 congruus.
1025 639 1125 704 Hunc
1150 653 1287 723 specum

106 739 269 804 Dominus
292 737 397 804 Jesru
415 739 602 825 frequenter
612 741 762 806 noctibus
784 742 936 824 intrabat,
956 743 1070 808 exiens
1083 743 1125 808 de
1140 745 1284 823 umente,

108 851 145 908 et
164 843 210 906 ibi
229 845 264 908 in
288 846 433 910 omioue
453 846 584 932 vigilias
605 846 834 920 sanctissimae
862 847 1081 914 continuabat
1123 848 1178 913 Ad
1197 851 1285 916 bunc

108 965 245 1031 specum
264 951 357 1013 vonit
374 950 577 1016 Nicodemus
598 960 695 1014 nocte
715 949 758 1015 ad
804 951 977 1017 Dominum
997 953 1135 1032 Jesum,
1157 954 1291 1018 audio-⁴

109 1052 221 1137 logum
241 1053 419 1119 altissimae
439 1055 622 1140 theologiae
641 1057 686 1120 ibi
707 1055 910 1139 conficiebat,
943 1076 1039 1141 quem
1064 1057 1100 1120 S.
1115 1057 1285 1124 Jobounee

108 1157 325 1242 Evangeliota
345 1163 538 1245 conscsipsit
558 1161 633 1226 Job
656 1163 717 1224 ni.-
753 1162 819 1224 Hic
838 1168 892 1224 est
915 1161 1024 1246 locun,
1044 1181 1139 1246 quem
1159 1165 1286 1229 emebat

107 1261 218 1345 Iudas,
238 1263 316 1349 quia
335 1263 524 1349 frequenter
543 1284 618 1330 cum
636 1265 804 1350 discipulis
832 1265 867 1365 in
888 1285 961 1330 eum
991 1268 1096 1332 exivit
1112 1267 1283 1376 Dominus,

109 1376 148 1432 ut
168 1368 284 1433 dicitur
303 1368 379 1434 Jeh.
398 1372 519 1437 xviii.
560 1373 599 1435 ln
619 1378 717 1436 nocte
750 1373 828 1464 ergo
860 1379 935 1454 post
969 1370 1116 1437 ultimam
1147 1392 1285 1438 coenam

110 1490 269 1557 egressus
289 1474 397 1539 Josus‘
412 1475 603 1544 decivitate
625 1484 719 1545 treus
742 1484 919 1552 torrentem
939 1473 1093 1560 cedron,
1122 1479 1179 1542 ubi
1212 1487 1284 1544 erat

74 1647 82 1660 ,
111 1579 235 1662 bertus,
256 1581 343 1644 etin
371 1581 463 1645 horto
488 1599 623 1666 specus,
653 1581 687 1644 in
719 1598 816 1666 quem
844 1583 1069 1666 introgressus
1103 1585 1221 1668 positis
1248 1583 1284 1646 in

111 1691 230 1750 terram
251 1685 390 1774 genibus
410 1687 516 1751 oravit
544 1686 758 1770 procumbens
764 1732 775 1770 ‚
806 1683 911 1770 aeque
944 1693 1154 1770 prosternens
1185 1687 1285 1752 lacri-

1 1784 4 1798 '
110 1792 220 1856 mobili
238 1810 321 1856 voce
343 1790 476 1854 dicem:
507 1791 627 1875 Abba,
649 1799 751 1874 puter,
769 1789 881 1858 omniu·
905 1793 964 1854 tibi
992 1793 1164 1876 possibilia
1193 1801 1285 1878 sunt,

111 1896 254 1962 transfer
271 1896 406 1994 calicem
425 1883 513 1962 imno
541 1915 562 1958 ιι
582 1915 664 1980 ,ιιιος
696 1894 756 1958 sed
788 1913 854 1958 non
883 1895 970 1979 quod
1001 1915 1064 1979 ego
1090 1897 1193 1980 volo,·
1216 1896 1286 1961 aed·

1 1994 4 2010 '
110 2002 199 2086 quod
214 2011 260 2074 tu.
301 2003 451 2074 littrina
475 2003 551 2064 uice
577 2001 641 2074 linc
669 2001 814 2063 oratione
844 1999 938 2064 diota·
957 1999 1067 2064 sactus
1097 2000 1132 2064 in
1160 2001 1280 2086 agonis

0 2104 1 2119 ¹
110 2108 268 2192 prolixius
290 2110 412 2192 orabat,
433 2113 468 2169 et
488 2123 567 2189 prae
579 2121 734 2188 moerore,
758 2105 891 2186 tristitia
911 2113 945 2168 et
955 2105 1068 2170 timore
1089 2105 1281 2188 sangninem

1 2277 2 2286 ,
111 2211 260 2296 sudavit,
291 2213 351 2276 oui.
369 2204 507 2294 angelus
537 2225 699 2293 apparens
721 2211 894 2273 animabat
921 2196 956 2274 et
986 2209 1198 2276 confortabat
1252 2207 1283 2274 0

109 2315 240 2382 Domini
261 2325 294 2380 et
317 2315 435 2380 iratres
457 2317 521 2378 mei
539 2313 712 2398 peregrini,
730 2297 809 2398 quid
831 2314 989 2380 iaciemus
1008 2310 1092 2381 hlc‘t
1115 2310 1284 2391 Quomodo

112 2417 335 2485 exhibebimus
369 2439 431 2486 nos
460 2422 494 2485 in
521 2423 584 2486 boc
611 2427 726 2482 sancto
755 2427 789 2482 et
822 2420 955 2484 terribili
990 2420 1062 2484 loco
1095 2417 1283 2482 Redemtori

1 2522 3 2536 '
110 2522 254 2590 nostro?
278 2506 403 2604 Quibus
423 2541 546 2608 quaeso
566 2517 729 2608 gestibus‚'
749 2523 869 2608 quibus
890 2523 1029 2588 motibus
1057 2531 1114 2586 aut
1139 2522 1282 2586 moribus

111 2621 303 2698 orabimus?
347 2628 455 2715 Certe,
476 2649 542 2694 non
563 2630 645 2714 aliia,
667 2630 733 2692 uisi
752 2629 868 2712 quibus
885 2629 957 2713 ipse
978 2627 1044 2692 loci
1066 2611 1284 2710 hujusumo-

110 2735 249 2800 tifioator
268 2740 352 2820 patri
373 2753 411 2798 ee
432 2735 568 2799 cbelesti
588 2735 622 2797 in
643 2753 683 2797 eo·
701 2733 857 2799 exhibuit.
885 2731 1041 2798 Studiose
1071 2734 1158 2812 enim
1167 2733 1284 2805 Evan-

110 2840 200 2923 gelia
219 2841 340 2924 legenti
360 2849 459 2924 patet,
481 2838 568 2924 quod
588 2840 622 2900 in
641 2839 704 2902 bac
725 2838 809 2900 trina
829 2838 973 2910 oratione
993 2837 1147 2930 Christus
1178 2839 1283 2902 tribue

111 2943 302 3009 differentiis
323 2952 474 3028 gestuum
493 2961 573 3007 usus
594 2952 654 3006 est.
696 2942 805 3006 Primo
836 2945 921 3008 enim
942 2943 1080 3026 procidit
1105 2945 1139 3008 in
1166 2943 1284 3007 facicm

112 3056 182 3112 toto
204 3045 377 3134 (HM)
396 3067 532 3133 corpore
552 3066 589 3116 se
610 3056 831 3131 prosternens,
864 3048 1042 3112 secundum
1069 3049 1280 3135 Matthaeum.

111 3151 152 3236 2)
189 3154 332 3222 Procidit
352 3175 451 3240 super
472 3165 590 3218 terrum
611 3152 825 3236 procumbens
850 3170 953 3234 super
980 3156 1131 3239 cubitos,
1159 3172 1283 3217 secun·

113 3255 197 3333 dum,
216 3258 363 3326 Marcum
388 3262 444 3346 dl:
476 3249 764 3342 Positis'genubus
810 3256 968 3340 prolixius
998 3259 1133 3340 orabat,
1160 3275 1283 3321 secuu-

113 3362 187 3426 dum
198 3359 332 3449 Lucam,
343 3375 376 3428 et
396 3369 432 3448 4)
454 3368 572 3447 stabat,
590 3365 747 3427 reiterans
761 3362 847 3427 illam
858 3361 1077 3426 dulcissimam
1092 3361 1281 3446 orationem,

113 3468 241 3552 quarido
263 3471 400 3534 elevetis
420 3473 455 3533 in
477 3469 601 3534 coelum
623 3466 725 3534 oculis
739 3451 848 3532 ‘dixuz
869 3465 973 3550 Pater
987 3468 1081 3530 venit
1100 3466 1191 3548 hora,
1212 3465 1284 3529 'cla-

113 3572 204 3640 rifioa
223 3573 324 3637 fllium
345 3574 532 3660 tuemini
555 3570 617 3653 12,
639 3590 735 3655 quam
757 3570 896 3654 quidarb
919 3570 1030 3635 dicunt
1067 3590 1143 3636 esse
1163 3572 1282 3634 factam

112 3679 147 3742 in
169 3677 262 3742 horte
282 3698 390 3744 coram
413 3681 560 3744 omnibus
583 3671 750 3760 discipulis
772 3679 806 3738 in
829 3675 903 3740 fine.
954 3678 1032 3740 Istis
1045 3757 1047 3764 y
1061 3695 1139 3762 ergo
1179 3676 1283 3741 modis

112 3781 276 3865 peregrini
296 3784 347 3846 usi
367 3787 403 3850 in
423 3785 486 3848 hoc
506 3785 712 3848 sanctissimo
734 3783 805 3847 loco
821 3781 940 3846 diutius
962 3782 1108 3867 orabant,
1126 3791 1158 3846 et
1177 3784 1284 3847 abun·

113 3886 243 3951 dandus
275 3885 410 3973 flebant3
427 3890 521 3973 ¹miro
550 3889 638 3956 euim
659 3887 753 3952 modo
785 3887 876 3950 locus
910 3886 966 3948 ille
986 3888 1204 3951 concitativua
1232 3895 1284 3950 est

114 3991 157 4057 sd
175 3991 359 4058 devotionne
382 3995 554 4079 lacrymas,
575 3991 706 4058 videtur
734 3993 819 4057 enim
836 3989 877 4053 de
898 3990 985 4054 iacto
1006 4012 1099 4080 enee
1122 3995 1283 4074 respirare

114 4097 273 4180 quaedem
293 4099 447 4166 inusitata
468 4096 614 4182 dulcedo,
626 4117 710 4183 quae
730 4106 883 4182 percepta
908 4099 1104 4164 moxcmuia
1123 4095 1283 4180 quodam-

78 4281 82 4287 *
115 4203 210 4270 modo
224 4204 382 4299 liquescit
412 4214 446 4270 et
474 4221 530 4270 cor
561 4202 748 4270 emollescit.
771 4203 843 4266 Nec
865 4202 997 4272 mirum·
1033 4201 1170 4269 Constet
1195 4199 1280 4262 enim
