2914 4850
223 331 351 413 longam
368 337 475 392 autem
490 325 731 408 navigationem
755 327 963 407 pervenimus
978 323 1021 388 ad
1033 325 1158 389 insulas
1170 322 1359 410 timpora

222 446 255 499 et
287 444 419 498 ventum
453 451 518 494 non
553 431 741 518 habuimus,
778 447 840 494 nec
878 434 1103 512 transivimus,
1136 431 1203 494 υἰέ
1239 437 1359 516 quanti

220 542 420 627 galeotarum
438 539 532 621 pigro
557 545 662 600 tractu
684 539 782 599 remis
803 539 1012 608 movebamur
1031 535 1195 619 paulatim.

301 647 462 710 Venimus
484 651 590 706 autem
612 641 653 704 ad
673 641 779 706 locum
802 642 973 726 quendam,
992 643 1047 704 ubi
1067 650 1133 704 stat
1148 643 1281 706 civitas
1305 659 1359 724 sup

220 769 323 834 mare,
360 752 393 814 iu
429 757 553 833 monte,
589 749 673 811 bene
703 757 846 832 murata,
882 748 942 811 sed
978 746 1117 810 totaliter
1152 747 1313 812 desolata
1339 755 1359 830 pt

220 855 369 920 draconss
391 855 558 939 eujusdam
579 855 708 939 datum,
738 863 774 918 ut
794 862 910 936 postea
932 851 1073 935 dinetur,
1096 859 1129 914 et
1150 865 1359 938 consequent

219 963 478 1026 intermontano
507 961 652 1025 taediosa
680 963 888 1043 navigatione
914 966 1121 1047 transeuntes
1142 958 1184 1021 ad
1208 955 1359 1024 districtu

220 1065 380 1152 quendam
406 1068 572 1152 venimus,
606 1067 661 1130 ubi
691 1066 788 1152 galia
814 1066 881 1128 fixa
909 1079 1009 1146 super
1040 1083 1142 1148 aquas
1169 1067 1304 1150 stabat,
1333 1071 1359 1156 nd

218 1176 316 1235 remis
338 1153 403 1236 hue
426 1182 479 1235 aut
501 1172 579 1235 illuc
601 1175 725 1236 moveri
746 1179 889 1255 poterat3
920 1170 998 1253 xsed,
1017 1179 1053 1233 ut
1074 1169 1159 1252 dixi,
1183 1171 1280 1234 sicut
1302 1167 1359 1260 pald

217 1278 342 1360 stabat,
369 1279 463 1361 quasi
493 1288 606 1359 parata
626 1279 660 1340 in
698 1275 891 1360 profundum
919 1277 1039 1359 mergi,
1069 1276 1144 1359 quia
1174 1277 1303 1340 subtus

217 1391 287 1444 erat
315 1400 439 1463 vorago
470 1382 663 1467 Abyssdlls,
695 1383 753 1446 vel
784 1392 889 1445 terrae
916 1383 1023 1445 hiatus
1029 1401 1039 1464 3
1073 1383 1128 1466 qui
1161 1384 1324 1446 sorbebat
1338 1383 1357 1444 i³

217 1506 368 1569 magnam
391 1487 488 1550 maris
507 1496 645 1572 partem,
668 1498 701 1550 et
722 1506 826 1572 aquae
848 1491 883 1549 lu
910 1488 1065 1570 abyssum
1088 1489 1132 1550 ibi
1153 1485 1355 1552 illabebantu

215 1591 293 1655 Ideo
321 1593 452 1654 stabant
485 1591 530 1654 ibi
561 1595 745 1676 superiores
773 1611 897 1676 aquae,
934 1592 1127 1655 descensum
1157 1595 1194 1654 in
1229 1597 1355 1678 abyssu

217 1705 461 1786 exspectantes,
484 1707 516 1761 et
538 1697 666 1782 quando
695 1717 783 1761 mare
804 1701 839 1759 in
860 1697 917 1760 illa
937 1707 1029 1781 parte
1052 1714 1116 1760 nou
1145 1697 1248 1761 habet
1272 1700 1354 1763 mults

215 1820 337 1886 aquas,
357 1812 434 1865 tunc
457 1823 540 1886 aqua
562 1813 699 1886 rotatur,
727 1811 760 1864 et
781 1822 838 1885 ea,
867 1823 950 1888 quae
976 1807 1125 1886 superius
1147 1813 1284 1887 natent,
1313 1805 1355 1867 ds

215 1926 349 1972 censum
380 1911 548 1972 minantur.
589 1911 632 1972 Et
660 1909 701 1972 de
730 1909 816 1972 facto
849 1928 952 1972 naves
981 1911 1026 1972 ibi
1054 1909 1354 1992 absorberentum

214 2015 447 2096 gubernatores
468 2024 537 2077 arte
558 2033 622 2076 non
641 2015 832 2078 obstiterint.
875 2017 913 2078 ln
934 2014 990 2076 illo
1014 2033 1091 2098 ergo
1113 2014 1184 2076 loeo
1215 2019 1354 2078 stetimus

216 2129 248 2182 et
270 2119 421 2200 galeotae
440 2119 548 2182 multis
570 2119 763 2182 clamoribus
786 2129 818 2182 et
841 2120 1004 2183 laboribus
1030 2120 1231 2182 conabantur
1254 2121 1353 2205 galion

212 2227 405 2289 afaucibus
434 2227 509 2288 istis
528 2245 712 2309 removere,
745 2226 860 2290 sedin
889 2243 1010 2288 vanum
1036 2225 1240 2295 laborabant,
1290 2221 1353 2305 Qud

211 2331 360 2394 videntes
384 2333 436 2415 hi,
473 2333 641 2415 quierant
668 2332 856 2394 incivitate
887 2330 1070 2415 Corcyrae,
1103 2329 1179 2413 quia
1200 2329 1351 2416 Coreynr

209 2437 347 2503 insulam
369 2447 401 2511 et
423 2441 588 2500 civitatem
613 2452 692 2520 prae
725 2437 829 2500 oculis
856 2437 1044 2516 habuimus,
1077 2435 1318 2502 descenderunt
1333 2431 1352 2496 d

209 2561 269 2605 uos
296 2543 336 2606 de
355 2543 516 2626 Corcyra,
549 2543 630 2604 alias
653 2540 793 2624 Corlun,
823 2559 897 2606 cum
919 2541 1044 2603 duabus
1065 2543 1177 2624 parvis
1200 2542 1352 2624 galdino

209 2647 305 2709 funes
340 2648 381 2710 ad
417 2657 561 2711 nostram
592 2646 720 2730 geldam
753 2646 942 2728 alligantes,
979 2653 1211 2709 connectentes
1247 2667 1308 2710 eas
1332 2643 1353 2708 al

211 2769 337 2833 puppes
368 2767 463 2832 suas,
500 2761 532 2812 et
561 2754 658 2816 remis
692 2771 771 2815 suas
805 2750 921 2834 galias
953 2753 1120 2816 trahentes
1153 2769 1229 2816 orum
1261 2767 1353 2836 mugit

208 2855 362 2916 violentia
392 2855 520 2938 galbam
543 2866 685 2920 nostram
708 2856 749 2918 de
771 2857 919 2920 faucibus
950 2859 1063 2942 abyssi
1084 2854 1315 2944 extrahebant,
1332 2873 1353 2918 nt

208 2959 392 3022 absorberet
415 2979 475 3023 uos
494 2961 697 3046 profundum,
720 2972 751 3025 et
774 2965 875 3046 erepti
896 2962 1126 3028 adscendlmus
1142 2960 1184 3026 ad
1199 2961 1353 3048 Corcyru

206 3063 361 3148 insulam,
400 3075 432 3128 et
463 3075 539 3147 post
568 3066 649 3130 solis
682 3069 864 3131 occubitum
895 3077 1022 3151 portum
1060 3069 1203 3130 civitatis
1234 3065 1359 3154 ingresi

206 3187 330 3254 sumus,
347 3173 402 3254 qui
420 3174 528 3235 stabat
545 3170 660 3253 plenus
680 3173 816 3235 navibus
834 3174 1050 3257 praedalibns,
1067 3175 1152 3256 quia,
1174 3182 1212 3235 ut
1227 3155 1359 3240 dixerut

205 3276 299 3339 nobis
322 3276 440 3340 domini
462 3279 593 3360 Veneti,
616 3276 814 3358 capitaneus
836 3281 936 3342 maris
958 3294 1032 3342 mm
1054 3276 1163 3342 classe
1185 3293 1312 3346 armata
1328 3277 1353 3342 ili

206 3381 329 3442 eratin
351 3383 501 3446 custodia
519 3382 626 3446 maris.
667 3382 886 3447 Dormivimus
909 3403 987 3467 ergo
1007 3403 1114 3469 usque
1135 3401 1238 3448 mane.
1274 3389 1353 3451 blan

205 3491 311 3546 autem
345 3488 430 3549 facto
464 3487 590 3569 egressi
619 3504 733 3550 sumus
761 3490 795 3550 in
822 3490 930 3552 barcis
958 3489 1001 3552 ad
1029 3489 1212 3572 clvltatem,
1244 3501 1281 3554 et
1303 3511 1352 3554 esu

204 3590 360 3671 repletam
388 3591 569 3656 homiuibus
591 3593 792 3678 invenimus,
826 3593 972 3658 etmulti
997 3597 1080 3658 turci
1110 3595 1158 3659 ibi·
1176 3596 1263 3657 iaier
1285 3596 1352 3659 elui-

203 3697 326 3756 stianes
349 3693 601 3760 deambulabant.
644 3697 751 3762 Missa
772 3699 882 3762 audita
906 3699 1132 3764 domunculam
1154 3698 1315 3781 quandam
1332 3701 1359 3780 ir,

203 3799 355 3862 suburbio
378 3801 589 3865 conduximus
610 3821 671 3865 uos
699 3806 863 3887 peregrini
885 3805 926 3867 de
947 3803 1070 3868 Suevia
1092 3815 1126 3868 et
1152 3805 1309 3890 Baveria,
1332 3811 1351 3866 et

201 3902 245 3965 ibi
268 3904 431 3988 coximus,
453 3905 661 3990 comedimus,
683 3908 832 3994 bibimus,
855 3920 888 3973 et
910 3911 1128 3973 dormivimus.
1161 3910 1240 3972 llrat
1259 3922 1350 3974 auten

202 4005 395 4072 domuncula
414 4030 517 4093 parva
538 4019 571 4074 et
596 4011 720 4096 lignea,
749 4013 789 4076 de
811 4016 952 4099 antiquis
979 4023 1013 4076 et
1035 4013 1225 4076 aridissimis
1257 4014 1359 4098 lignis

199 4111 294 4175 Unde
315 4117 460 4199 contigit,
479 4115 565 4199 quod
586 4125 717 4198 propter
731 4121 940 4184 excessivum
954 4122 1074 4203 ignem,
1091 4137 1186 4203 quem
1200 4119 1359 4210 ecquando}

201 4217 426 4303 accendimus,
455 4221 529 4302 ipsa
551 4221 744 4284 domuncula
764 4221 840 4286 bina
860 4224 934 4288 vice
964 4223 1093 4290 realiter
1115 4223 1228 4288 ardere
1247 4223 1359 4310 eoepit,
