2608 4842
564 192 631 261 snt

6 371 120 438 t'irrrlro
147 375 360 440 eduxeru.
390 378 450 445 ,At
471 379 565 462 virgo
585 377 730 462 glorioso
762 385 885 464 quomo
903 377 1024 462 gssito
1051 379 1185 462 perfuso

7 480 68 564 tit,
103 482 199 564 quis
234 496 415 546 enarrare
439 479 582 568 poterit?
615 487 653 547 lu
689 485 756 550 hoo
782 503 862 567 ergo
894 502 988 550 suero
1011 484 1082 547 loeo
1110 500 1186 548 eum

6 583 76 648 ulio
101 587 374 672 cantavimus,
395 597 429 652 st
449 595 584 672 perroto
605 595 704 652 ostttu
733 600 766 654 ot
787 590 858 673 liis,
887 608 972 674 quos
994 592 1028 653 in
1049 607 1185 674 proees-

6 691 76 752 usli
102 693 387 778 eontinenturs
409 693 452 757 nd
471 694 580 760 lunum
600 694 818 777 nominos,
845 702 878 759 ot
896 696 1047 778 prostrati
1075 694 1185 764 indu·-

6 796 92 860 miss
116 798 348 881 decepimus
369 798 536 883 plenariae
554 800 755 864 remissionis
777 799 871 883 (st).

6 1043 170 1156 ᾏΙιιοορ1
202 1044 249 1122 in
284 1069 363 1148 quo
396 1047 560 1152 reposito
585 1056 644 1123 est
673 1047 861 1126 columnae
885 1075 983 1154 pare,
1006 1047 1053 1125 ad
1080 1075 1184 1152 quam

6 1158 11 1179 ξ
368 1167 484 1246 Jesus
509 1168 718 1270 flagellatus
742 1161 822 1246 fuit.

6 1355 15 1396 ³
49 1367 207 1434 Deinde
233 1355 441 1436 eumeontu
467 1371 596 1455 signeto
618 1373 658 1436 od
688 1373 773 1437 lotus
791 1374 938 1438 dextrum
954 1375 1183 1458 processimus.

6 1465 16 1508 '⁴'
38 1476 79 1539 in
103 1497 214 1542 muro
241 1487 302 1542 est
320 1475 481 1562 quoddam
503 1479 742 1542 reservooulum
761 1481 833 1543 sive
856 1479 1001 1545 fenestre
1021 1501 1086 1544 non
1108 1501 1186 1566 per-

6 1575 113 1668 iens,
144 1584 186 1646 in
213 1603 289 1668 quo
312 1583 519 1646 reservoeulo
548 1565 616 1647 stet
637 1603 715 1667 pars
747 1604 865 1668 magno
887 1583 928 1647 de
947 1587 1186 1668 pretiosissima

6 1681 160 1773 lumns,
187 1688 236 1753 od
264 1707 361 1774 quom
380 1688 538 1753 Dominus
560 1688 662 1754 Jesus
682 1691 716 1753 in
738 1689 832 1754 domo
861 1689 959 1754 Pilati
981 1691 1042 1760 fuit
1076 1691 1185 1755 nudus

6 1787 127 1877 '‘gotus,
153 1804 192 1859 et
219 1797 400 1859 durissime
419 1795 531 1878 flagris
553 1804 585 1857 et
607 1796 710 1879 virgis
733 1785 803 1860 fuit‘
819 1795 1008 1880 castigatus.
1052 1795 1185 1882 Singuli

6 1898 65 1982 '³go
100 1893 340 1984 toetressimus,¹
374 1908 407 1962 et
439 1901 544 1984 ipsam
572 1918 699 1963 sacram
733 1885 915 1964 columnam
947 1903 1094 1964 menibus
1127 1922 1185 1985 per

6 2001 165 2070 trucellus
199 2005 363 2069 immissis
392 1999 575 2088 tetigimus,
609 2014 640 2068 et
663 2005 709 2068 ibi
733 2007 830 2067 etiam
863 2003 1082 2090 indulgentias
1103 2007 1186 2092 (Η)

6 2107 167 2175 tenatiae
193 2111 400 2176 remissionis
423 2109 616 2191 occepimus.
641 2109 726 2172 Olim
746 2109 805 2172 suit
826 2110 908 2172 haec
923 2111 1070 2174 columna
1092 2130 1186 2176 sacro

7 2213 130 2299 ³rtegro
152 2217 321 2280 translato
341 2234 361 2278 o
382 2211 475 2278 domo
493 2213 590 2276 Pilati
609 2213 652 2276 od
674 2224 813 2277 montem
834 2194 935 2300 Syon.
970 2215 1065 2280 Unde
1080 2217 1185 2281 ‘Jero-

6 2322 122 2405 lymus
156 2323 244 2384 dicit
276 2320 318 2383 (le
348 2319 466 2382 Paulo:
505 2317 746 2382 Ostendebotur
776 2320 823 2382 illi
852 2319 911 2385 sol.
945 2317 980 2383 S.
1003 2320 1124 2385 Paulae
1153 2325 1186 2384 in

6 2425 115 2489 lronte
148 2425 249 2508 Syon'
270 2424 434 2506 columns,
470 2421 630 2486 ecelesiae
657 2426 816 2506 porticum
849 2426 1033 2508 sustinens,
1065 2427 1188 2490 inlecto

6 2532 123 2594 iruore
145 2529 300 2612 Domini,
329 2529 370 2594 sd
402 2547 498 2612 quom
516 2530 649 2591 vinctos
678 2527 806 2592 ducitur
838 2529 1053 2611 flagellandus
1075 2531 1186 2595 Jesus.

6 2635 87 2700 l’ost
122 2637 380 2700 destructionem
412 2641 521 2697 autem
549 2634 709 2698 ecelesiae
738 2636 890 2720 antiquae
921 2634 1031 2720 Syon‚
1063 2645 1099 2698 ut
1121 2635 1188 2700 dixi

9 2739 60 2804 iol.
84 2741 139 2806 96.
163 2742 218 2825 A„
240 2740 304 2802 alia
323 2739 384 2802 fuit
405 2737 447 2800 od
468 2739 557 2802 illum
580 2739 684 2802 locum
708 2739 823 2803 delato.
859 2741 967 2803 'lertio
989 2749 1039 2803 est
1063 2741 1188 2804 Romae

8 2844 51 2907 od
74 2853 224 2910 sonetum
245 2844 434 2908 Prsxedem.
480 2840 602 2921 Quarta
623 2847 656 2910 in
678 2845 840 2928 Lugduno
863 2843 905 2909 od
929 2843 1085 2910 Sanctum
1101 2846 1188 2910 ilir-

12 2968 132 3015 eonum
178 2949 330 3036 Justum,
366 2957 401 3014 et
436 2954 469 3014 in
523 2950 597 3012 oliis
641 2951 751 3015 mundi
795 2947 940 3036 portibus
983 2955 1188 3036 reperiuntur

14 3057 111 3119 etiam
132 3059 169 3120 in
192 3057 342 3120 ecelesiis
363 3065 473 3142 portes
496 3053 537 3116 de
560 3073 611 3126 eo,
652 3055 754 3120 Porro
778 3076 854 3140 pers
876 3058 952 3142 illa,
975 3077 1059 3142 quoe
1079 3059 1133 3122 hio
1153 3059 1188 3123 in

14 3161 77 3225 lroo
97 3163 171 3226 loeo
193 3169 261 3246 est,
281 3159 380 3224 hebet
400 3177 497 3222 unum
520 3160 661 3244 palmum
692 3171 726 3226 et
747 3172 815 3226 tres
836 3171 1044 3227 transversos
1067 3163 1187 3246 digitos

19 3267 51 3328 in
72 3271 200 3352 spisso,
218 3277 252 3331 et
273 3274 324 3329 est
344 3265 410 3328 olto
428 3273 565 3350 quatuor
585 3267 713 3351 palmis,
733 3277 766 3330 et
787 3277 839 3332 est
859 3270 1033 3352 porphyrel
1058 3267 1187 3350 eoloris,

19 3372 149 3435 maculis
171 3371 362 3456 sanguineis
383 3386 543 3453 resperso.
589 3369 685 3450 Quod
705 3373 760 3435 vel
782 3381 834 3436 est
856 3393 898 3436 ex
919 3379 1035 3434 notnro
1056 3369 1187 3453 lepidis,

22 3477 137 3541 velex
156 3475 328 3558 miraculo,
358 3473 445 3558 quod
471 3477 579 3538 sorroti
608 3475 829 3560 Hieronymus
852 3485 885 3540 et
911 3475 1003 3540 Beda
1036 3473 1188 3539 videntur

25 3585 147 3648 sentire.

75 3831 131 3909 De
151 3831 256 3924 loeo,
279 3827 319 3904 in
343 3849 415 3928 qno
436 3834 567 3906 saneto
584 3848 681 3906 erux
702 3825 917 3906 serrabatur
940 3836 1026 3932 post
1047 3831 1131 3932 ejus

236 3947 482 4028 inventionem
503 3956 589 4027 onte
614 3952 699 4051 ejus
722 3949 965 4030 omissionem.

109 4155 143 4221 ln
162 4155 225 4222 lieu.
243 4154 316 4224 loeo
337 4155 529 4222 divertimus
551 4156 593 4220 od
614 4157 797 4242 oppositam
824 4155 970 4239 capellos
991 4161 1134 4237 partem,
1156 4157 1190 4212 et

40 4255 78 4322 ibi
105 4261 206 4329 etitem¹
223 4263 258 4326 in
279 4279 370 4330 muro
401 4263 645 4328 roservooulum
668 4271 737 4347 est,
764 4262 799 4326 iu
827 4279 892 4345 quo
914 4278 972 4344 per
993 4254 1065 4321 CC·
1087 4270 1190 4319 annos
