2640 4792
701 229 764 294 198

158 416 306 480 dominus
327 424 359 477 at
381 429 554 496 possessor
575 411 662 476 illins
682 411 867 494 speluncae,
894 408 981 473 uude
1003 407 1212 472 audaciam
1247 403 1307 472 eorl

158 519 288 603 petendi
308 537 442 584 censum
463 537 521 600 pro
539 517 614 600 juro
633 517 696 580 sibi
716 516 832 580 debito.

241 624 354 706 Sexta,
383 641 467 708 quae
488 623 548 686 fuit
579 621 740 685 dominice
758 623 816 686 Vl.
849 632 923 704 post
951 620 1153 703 Trinitatis,
1184 601 1307 701 anteqd

159 730 256 813 pleno
274 727 486 810 insuesceret,
509 727 601 792 rediit
621 726 675 790 ille
696 745 817 790 saevus
839 737 992 812 exactor,
1016 727 1079 810 qui
1105 727 1146 787 in
1191 744 1273 788 sero
1298 741 1307 784 r

158 842 346 915 vexaverat,
356 841 390 896 et
413 835 519 916 posuit
541 851 579 896 se
599 851 672 896 curn
685 832 833 896 instead
857 834 943 897 fores
964 831 1183 914 speluncae,
1213 825 1307 890 need

160 959 255 1025 quem
267 939 394 1003 sinebat
404 939 494 1001 exiro
515 938 559 1000 ad
580 957 662 1020 opus
674 947 809 1002 craturae
831 937 1070 1020 complendum,
1099 936 1179 997 nisi
1203 929 1307 998 datad

159 1046 301 1110 denario.
324 1042 430 1122 Quom
452 1059 524 1104 eum
546 1042 745 1125 impatientia
766 1043 923 1108 solvimus
937 1059 1061 1122 omues,
1090 1051 1128 1102 et
1143 1061 1223 1104 nou
1235 1049 1307 1100 tantu

159 1151 390 1233 imputavimus
412 1146 565 1230 exactori,
588 1157 742 1232 quantum
764 1153 909 1231 patronis
930 1155 963 1209 et
992 1148 1080 1229 patri
1115 1145 1307 1208 Gardianol

160 1255 463 1336 'lrutschelmannm
486 1254 541 1334 qui
563 1255 712 1336 superius
734 1255 795 1318 sub
817 1254 1030 1338 papilionibus
1052 1251 1307 1336 quiescebant

160 1380 221 1425 nos
242 1363 296 1425 bic
317 1361 534 1424 incarceratos
555 1360 650 1422 novis
672 1361 893 1423 exactionibus
922 1358 1036 1420 vexari
1068 1355 1258 1434 sinebant,
1283 1367 1307 1430 qt

160 1479 269 1530 tamen
291 1466 482 1528 tenebantur
501 1481 564 1526 nos
586 1472 757 1548 protegere
781 1474 814 1527 et
836 1467 875 1527 ab
897 1465 948 1528 bis
980 1462 1180 1525 defendere.
1235 1459 1307 1536 itaqu

161 1573 293 1636 donario
314 1571 420 1634 soluto
442 1570 591 1651 permissi
610 1588 723 1634 snmus
744 1571 835 1634 exiro
861 1571 902 1632 ad
933 1569 1161 1631 necessitates
1199 1573 1305 1626 natnrrr.

162 1697 224 1740 nec
245 1678 317 1740 ausi
339 1677 457 1738 fuimns
480 1675 610 1756 longius
631 1677 690 1758 ire,
711 1677 773 1738 uisi
795 1675 836 1738 ad
858 1693 946 1738 oram
957 1675 1067 1758 maris,
1091 1673 1180 1754 quia
1202 1669 1304 1749 undiqo

162 1781 350 1846 circumdati
371 1780 490 1844 fuimus
512 1781 644 1844 armatis
663 1782 811 1863 paganis.
862 1782 989 1844 Interea
1020 1785 1192 1840 venerumt
1215 1789 1307 1836 merce

162 1895 250 1950 teres
277 1905 350 1948 cum
370 1885 442 1948 suis
464 1887 639 1963 mercibus,
667 1894 700 1948 ct
726 1887 798 1949 coci
826 1903 900 1948 cum
931 1885 1000 1946 suis
1028 1881 1305 1957 instrumentis‚et

159 1993 253 2074 juxta
274 2009 334 2053 nos
345 2010 403 2073 pro
416 1991 504 2053 lucro
526 2009 605 2053 suas
617 1998 734 2074 operas
747 1991 960 2074 exponebant,
982 1997 1015 2050 ot
1028 1985 1116 2050 diem
1141 1985 1304 2048 dominicus

162 2099 362 2179 ignorabant.
377 2095 584 2163 luteudobam
593 2105 709 2178 autem,
717 2099 750 2158 in
757 2095 990 2179 ipsaspelnnca
997 2093 1185 2176 peregrinis
1192 2107 1304 2174 pronon·

163 2205 270 2266 classe
292 2200 495 2280 evangelium
520 2199 584 2264 diei
605 2201 783 2265 dominicae
812 2219 886 2265 oum
909 2200 1151 2282 exhortatione,
1172 2207 1208 2260 et
1229 2204 1303 2258 tntu

162 2317 230 2372 orat
253 2307 406 2370 turnultus
428 2306 515 2368 circa
537 2315 732 2370 mercatores
751 2317 784 2368 et
805 2323 903 2368 cocos
932 2313 965 2366 et
992 2321 1176 2366 concursus
1190 2303 1303 2364 Sarace-

162 2435 274 2476 norum
297 2421 329 2474 et
346 2412 503 2494 juvenum
526 2411 707 2488 discursus,
735 2411 820 2497 quod
842 2430 906 2472 non
928 2410 1017 2492 potui
1037 2409 1205 2490 complere
1226 2410 1302 2470 bom

163 2519 227 2582 nisi
255 2537 328 2582 cum
360 2518 468 2581 multis
495 2517 742 2600 impedimentis.
794 2516 955 2579 Videntes
986 2516 1070 2576 enim
1108 2534 1163 2576 me
1186 2517 1221 2576 in
1251 2513 1304 2575 lito

164 2625 283 2706 legere,
296 2624 586 2699 circumsteterunt,
609 2622 756 2703 riserunt,
769 2621 999 2702 clamaverunt,
1021 2621 1132 2682 literas
1153 2621 1304 2702 inspicien-

164 2741 215 2791 tes
238 2737 270 2788 et
291 2725 495 2788 admirantes.
519 2727 658 2789 Prandio
679 2735 809 2808 peracto
827 2727 917 2789 veuit
938 2725 980 2787 ad
1001 2743 1061 2787 uos
1081 2726 1115 2787 in
1137 2725 1303 2806 speluncae

166 2831 300 2894 Calinus
312 2847 443 2912 parvus,
455 2829 487 2893 id
513 2841 573 2913 est,
597 2833 752 2912 magister
771 2831 939 2914 hospitalis
950 2833 1062 2912 minor,
1083 2829 1189 2892 dictus
1204 2829 1302 2909 Elpia-

166 2937 262 3015 hallo,
285 2933 494 3019 Sarracenos,
516 2938 636 3017 probus
654 2944 818 3019 tamen,ut
838 2937 1007 3018 sequentia
1028 2933 1194 3018 docebunt,
1205 2935 1257 3017 qui
1271 2949 1302 2992 ne

166 3041 284 3123 optime
305 3041 406 3123 novit,
428 3060 469 3102 ex
489 3042 594 3122 priore
614 3043 884 3125 peregrinatione,
906 3050 939 3104 et
953 3040 1172 3125 sciebatloqui
1184 3042 1300 3104 italicoo

167 3156 200 3210 et
221 3153 403 3228 corruptum
424 3147 656 3228 theutonicum,
679 3147 765 3230 quod
798 3146 954 3211 didicerat
981 3165 1001 3209 a
1026 3147 1221 3231 peregrinis,
1248 3163 1300 3208 coo

167 3253 284 3339 quibus
312 3271 411 3336 saepe
436 3252 478 3315 ad
511 3250 545 3314 S.
568 3251 785 3314 Katbariuam
814 3255 1038 3336 peregrinatus
1070 3253 1178 3316 luerat.
1226 3253 1300 3313 Hunc

167 3380 244 3444 ergo
265 3362 369 3422 virum
382 3359 589 3441 interrogavi,
612 3357 771 3442 quomodo
783 3377 836 3420 res
858 3377 896 3420 se
910 3359 1063 3424 haberent
1082 3357 1162 3421 circa
1183 3367 1299 3419 monton

168 3464 286 3544 Synai,
310 3473 342 3526 et
363 3464 430 3528 dixi
461 3465 535 3549 sibi,
556 3483 641 3548 quaa
669 3467 702 3528 in
731 3463 827 3546 galea
848 3463 975 3528 fueraut
994 3465 1087 3528 dicta.
1136 3461 1298 3544 Respondit,

168 3567 275 3626 omnia
295 3567 381 3630 dicta
401 3571 487 3634 illius
502 3570 672 3634 mamaluei
693 3577 768 3632 'csse
789 3569 967 3646 mendacia,
978 3579 1011 3632 et
1021 3567 1104 3652 quod
1112 3568 1297 3650 peregrinatio

169 3667 203 3728 S.
228 3669 427 3735 lletlrarinae
449 3684 539 3748 esset
556 3676 624 3756 jam
647 3674 864 3758 securissima,
885 3675 1032 3757 quamvis
1053 3693 1132 3737 anno
1150 3673 1297 3755 praeterito

168 3769 297 3834 Arabos
327 3779 504 3840 monachos
529 3779 751 3844 tribulaverint
773 3779 815 3841 ad
846 3779 881 3846 S.
915 3780 1134 3860 Katbarinam,
1158 3775 1294 3840 Soldmos

170 3886 278 3938 tamon
313 3887 412 3942 totam
451 3884 551 3964 [rem]
590 3884 838 3966 complanasset.
889 3885 951 3948 llis
983 3886 1093 3948 vorbis
1118 3882 1157 3944 lbi
1182 3881 1292 3944 multum

168 3981 361 4044 laetificatus
386 3993 418 4046 et
437 3983 514 4048 duxi
534 3987 639 4050 viram
660 3988 868 4052 adDomlnos
889 4007 991 4073 meos,
1013 4007 1071 4053 eos
1090 3987 1144 4052 sibi
1154 4005 1291 4050 commori-

169 4086 260 4150 dans.
282 4086 397 4150 Statim
418 4097 525 4151 autom
546 4090 597 4152 vir
616 4089 696 4152 dixit
709 4093 814 4172 nobis,
834 4103 869 4156 ut
888 4095 1008 4158 iremus
1034 4111 1136 4157 secun
1154 4101 1181 4154 et
1199 4091 1288 4154 eduxi

168 4212 229 4256 nos
250 4194 291 4258 de
312 4211 424 4275 specu,
454 4200 487 4252 et
517 4191 729 4252 circumduxit
773 4194 914 4276 undique
936 4216 994 4278 per
1030 4197 1153 4260 modium
1177 4195 1286 4279 (mi

169 4307 363 4374 castrorum,
405 4311 462 4374 per
501 4291 637 4350 leniorifl
681 4287 948 4375 Sarracenorum,
995 4309 1029 4362 ot
1065 4302 1184 4364 osterrdit
1211 4305 1285 4366 uobis
