2914 4850
755 130 799 196 ts

194 325 237 390 od
257 316 424 388 vitandum
438 311 551 379 lolium
563 307 818 402 distructionem.
843 308 939 383 Unde
949 308 1175 394 Hieronymus
1185 309 1234 374 in
1249 309 1364 395 episto

194 426 306 488 Bonus
319 421 425 503 homo,
439 417 479 500 si,
500 415 605 500 inquit
619 416 728 480 crucis
749 425 783 480 et
801 415 1050 480 resurrectionis
1071 415 1144 480 locs
1168 435 1252 480 uon
1281 436 1364 480 essu

195 524 229 588 in
246 522 325 587 urbe
345 520 572 605 celeberrime,
589 521 699 605 inque
717 521 818 603 curie,
839 520 873 584 in
895 531 961 604 quc
980 519 1056 586 aulo
1076 520 1245 606 rnilitum,
1273 524 1316 584 in
1338 541 1364 604 qr

195 637 322 711 scone,
351 627 462 712 mimi,
496 643 650 709 scurrae,
682 633 716 690 et
737 625 845 688 omnio
865 634 961 710 sunt,
993 643 1079 711 quse
1102 625 1217 690 solent
1255 627 1364 689 esset

196 735 334 798 coeteris
363 731 514 816 urbibus3
543 730 600 794 vel
631 731 661 793 si
687 731 917 795 monachorum
944 731 1047 794 turbis
1071 729 1300 794 solummodo
1329 732 1364 817 fro

196 847 413 924 quenterctur,
433 835 653 919 expetendum
675 855 791 900 revere
812 835 998 918 hujusmodl
1020 833 1145 898 cunctis
1168 833 1364 916 [monachis]

196 952 286 1008 esset
307 941 536 1008 habitaculum.
559 940 660 1003 Nunc
674 941 1144 1010 verosummeesffltitieeest
1156 941 1364 1034 [renuntiet

195 1047 344 1132 soeculo]
355 1048 518 1112 dimittere
535 1046 775 1132 petriaminter
786 1043 928 1128 majores
949 1046 1087 1130 populo
1096 1063 1247 1130 peregre
1261 1045 1364 1134 vivoru]⁴

196 1155 314 1219 melius
335 1173 434 1239 quum
457 1171 534 1218 eres
543 1154 690 1222 uicturus
708 1151 868 1234 inpulsio
891 1149 942 1213 De
963 1158 1029 1214 toto
1042 1149 1364 1234 orbe·.lerosolymm¹

196 1260 413 1342 concurritur,
443 1259 541 1342 pleno
573 1267 625 1320 est
646 1258 764 1322 ciuiles
789 1256 935 1338 uuivvsi
962 1256 1094 1338 generis
1125 1253 1364 1338 hominumn

196 1373 287 1428 teuta
306 1365 477 1446 utriusque
501 1379 604 1440 sexus
618 1361 823 1475 eonstiqrstio,
844 1370 879 1424 ut
892 1361 1014 1424 nonsit
1034 1361 1137 1444 quies,
1157 1377 1225 1422 uec
1250 1345 1364 1426 devoti

196 1477 253 1534 out
271 1467 464 1531 recollectio.
487 1466 582 1528 Heec
594 1466 814 1549 Hieronymus
835 1465 943 1548 [Tem.
960 1466 988 1528 1.
1001 1464 1071 1529 llol.
1095 1466 1167 1548 103,
1175 1465 1229 1548 A]
1256 1445 1363 1534 Verul'

196 1574 262 1637 ism
283 1572 379 1636 eliom
397 1571 496 1634 hebet
517 1570 635 1636 civitas
653 1579 768 1634 seucte
789 1571 915 1634 faciem.
957 1571 1007 1634 lbi
1027 1589 1114 1635 nuuc
1135 1589 1199 1634 nec
1220 1591 1299 1656 rex,
1322 1535 1363 1661 neq

197 1677 304 1767 miles,
325 1672 473 1741 imo²nec
487 1685 606 1759 scorto,
629 1693 691 1738 neo
709 1675 807 1757 mimi,
829 1683 862 1737 et
882 1685 1037 1759 quantum
1057 1675 1098 1738 ed
1119 1677 1193 1760 hoc,
1216 1679 1356 1740 securior

198 1783 359 1863 sanctior,
394 1789 427 1844 et
454 1779 602 1843 devotior
623 1788 675 1842 est
695 1780 894 1862 peregrinari
913 1782 1023 1864 modo,
1050 1799 1147 1865 quum
1167 1668 1364 1948 tempore}

198 1886 603 1975 Hieronymi,uccsuntibi
614 1885 1058 1970 impedimertrsiogulorsum
1069 1887 1294 1969 devotionum,
1302 1887 1326 1948 li
1360 1913 1364 1980 ᾗ

199 1994 319 2056 multoe
340 1993 406 2055 sint
426 1992 586 2062 miserico.
607 1989 659 2052 lle
680 1990 798 2076 quibus
819 1993 942 2073 patebit
963 1994 999 2056 in
1020 1991 1241 2076 sequentibus.
1268 1989 1318 2073 (5
1325 1985 1364 2070 llll

281 2096 403 2178 Porro,
435 2097 465 2158 si
500 2096 625 2179 ubsque
657 2095 790 2158 licentio
819 2097 894 2180 quis
925 2098 987 2160 iter
1013 2096 1161 2180 arripiet,
1183 2113 1247 2158 nec
1265 2098 1357 2160 audit:

200 2199 376 2284 Egredere,
395 2199 460 2264 ism
482 2201 629 2284 egressio
651 2182 812 2263 relisum
833 2211 922 2264 esset
937 2201 1178 2299 peregrinoqio,
1200 2200 1261 2263 sed
1284 2205 1358 2285 pen'·

202 2307 315 2380 culoso
336 2304 556 2390 domnosoque
577 2307 748 2390 evegotio,
778 2323 840 2369 nec
870 2307 931 2369 iret
956 2314 1031 2388 post
1065 2323 1186 2387 guges
1211 2306 1356 2370 sodaliun

203 2410 334 2496 Christi,
356 2412 416 2477 sod
436 2421 511 2496 post
531 2410 859 2493 ‘nstitutumdieboli
881 2412 965 2475 sicut
986 2411 1072 2490 enim
1083 2411 1268 2476 Solomon3
1285 2412 1356 2494 Reg.

203 2519 280 2586 lv.
312 2519 356 2584 36
374 2536 448 2603 sqq.
475 2519 641 2602 proecepit
671 2515 798 2597 Semei,
826 2524 863 2578 ut
892 2517 955 2587 sibi
984 2515 1168 2578 aedificaret
1189 2515 1356 2581 domumin

205 2622 400 2705 Jerusalem,
425 2631 458 2685 et
479 2641 545 2684 non
568 2621 776 2704 egrederetur
795 2621 860 2684 huc
879 2628 977 2715 etque
998 2619 1085 2682 illuc.
1129 2616 1357 2706 Quamcumque

204 2735 312 2790 eutem
334 2727 387 2788 die
407 2725 602 2788 eontrarium
623 2725 748 2808 fecerit,
770 2734 803 2788 et
823 2735 914 2791 treus
936 2720 1108 2789 torrentem
1124 2724 1251 2790 Cedron
1277 2738 1355 2793 trous

203 2831 295 2913 ierit,
326 2830 413 2892 scire
445 2847 484 2891 se
511 2810 794 2893 interficiendum?
838 2829 932 2908 Quod
963 2840 997 2893 et
1028 2830 1090 2894 sibi
1122 2832 1252 2914 contigit
1263 2879 1273 2916 ,
1293 2835 1356 2898 dum

206 2951 362 3018 egressus
383 2935 455 2995 siue
486 2933 641 3023 sensuale
668 2934 736 2997 fuit.
760 2934 818 2999 Sic
837 2953 937 2998 verus
969 2933 1123 2997 Salomon
1153 2934 1310 3022 Christus,
1332 2949 1356 3000 et

205 3039 296 3122 Prope
316 3037 439 3102 Christi
448 3027 791 3123 vicarius,'preecepit'
806 3038 1042 3116 cuilibetlidcli
1063 3038 1227 3106 Catholico
1237 3062 1356 3107 manere

204 3144 241 3206 in
260 3143 456 3227 Ierusalem,
479 3145 542 3207 hoc
563 3153 631 3227 est,
652 3145 687 3206 iu
714 3147 859 3208 terminis
881 3145 1148 3229 unanimorum,
1169 3165 1355 3234 quecumque

205 3256 315 3313 autem
335 3247 389 3312 dic
409 3265 565 3331 egressus
587 3248 684 3312 fuerit
708 3252 850 3335 uliquis,
885 3253 957 3314 siue
983 3248 1114 3313 licentio
1138 3271 1253 3336 pnpse,
1274 3264 1354 3318 treus

206 3362 379 3419 torrentem
389 3356 487 3418 meris
495 3352 614 3437 magni,
627 3355 713 3418 scire
728 3374 767 3419 se
776 3355 1031 3426 interficiendum
1042 3359 1353 3425 excommunicatione

206 3457 323 3541 pupuli.
344 3460 406 3523 Est
429 3462 515 3524 enim
535 3459 729 3544 prohibitum
749 3463 811 3526 sub
831 3462 958 3548 mugnis
979 3462 1137 3545 censuris,
1158 3463 1238 3546 quod
1255 3466 1352 3528 nullus

206 3562 331 3646 absque
356 3563 467 3646 Panse
494 3565 627 3628 licentis
655 3566 755 3630 vedet
772 3569 825 3630 ‘iu
851 3575 978 3631 terram*
1000 3576 1155 3630 sunctum.
1210 3567 1249 3630 m
1276 3570 1351 3633 hene

207 3684 380 3735 censum
398 3678 432 3732 et
452 3669 815 3744 excommunicationem
841 3673 923 3737 vidit
947 3673 1106 3736 Dominus
1134 3671 1349 3739 Anthoniusin

207 3771 289 3834 libro
308 3773 573 3854 poenitentiarioo
592 3777 708 3848 summi
729 3777 974 3861 poenitentiarii.
1006 3777 1051 3842 Ut
1070 3777 1149 3842 (licit
1165 3777 1348 3843 iu'lmctotu

208 3876 250 3940 de
269 3877 664 3944 nxoommuoiomiomnns
686 3880 724 3945 C.
745 3882 798 3946 32.
843 3881 953 3960 Quare
979 3891 1088 3946 eutem
1113 3897 1208 3964 super
1231 3882 1286 3944 hoc
1309 3886 1348 3946 sil

206 3981 273 4046 lete
295 3983 458 4046 sententio
477 3971 925 4070 excommunicationiq'vide
944 4000 1021 4071 post
1042 4006 1092 4070 en,
1112 4003 1185 4069 psg.
1204 3987 1249 4051 82.
1276 3988 1345 4052 ldeo

206 4086 314 4152 nullus
323 4084 506 4150 Cnrdinnlis
519 4088 669 4154 etnullus
675 4091 821 4174 laegatus
828 4092 1055 4156 intromittitse
1065 4090 1213 4156 dedendo
1223 4092 1342 4177 licentio,
1363 4115 1364 4168 l

205 4190 266 4254 sed
286 4199 437 4275 potentes
459 4197 516 4254 eut
535 4193 578 4256 od
598 4194 737 4282 Papum,
758 4207 815 4262 eut
836 4196 1058 4290 adsummum
1088 4198 1341 4264 Poenitentierium
1363 4181 1364 4267 Ῐ
