2914 4850
225 247 389 324 poteram,
425 235 489 298 imo
524 229 757 313 impossibilem
789 227 937 312 reputavi
970 225 1123 291 reditum.
1183 227 1266 292 Sic
1303 241 1362 310 argi

226 341 433 408 fluctuatione
454 337 549 419 steti,
577 344 609 400 et
632 333 712 400 nulli
728 335 892 400 boninum
914 350 1015 396 ansus
1036 334 1084 396 fui
1104 333 1219 416 loqui
1246 334 1297 398 de
1319 337 1362 400 bn

224 449 373 514 Verebar
392 443 434 508 de
457 445 519 506 boc
548 437 657 505 ficere
683 443 879 506 mentionem
905 439 1100 504 Reverendo
1137 439 1253 506 Patri
1278 437 1362 522 Magi

225 552 403 618 liudovico
423 549 552 630 llucbs,
583 547 660 609 lieet
680 557 770 612 esset
803 548 881 611 mibi
903 546 1221 630 familiarissimus,
1257 557 1293 609 et
1327 559 1362 610 sa

226 667 330 722 torum
352 672 495 719 meorum
516 654 684 736 conscins3
716 655 769 720 cni
791 655 889 717 etiam
912 651 1041 716 occulta
1065 649 1362 715 censcientiaeni

225 763 297 825 siue
335 769 424 824 metu
460 757 620 822 audebam
649 762 866 827 committeret
905 759 1113 840 Propositum
1161 767 1293 824 tamen
1327 761 1362 834 mi

226 865 382 931 redeundi
404 867 437 930 in
455 864 639 928 Jerusalem
659 884 724 929 non
747 865 904 928 audebam
927 881 1008 926 suae
1027 862 1247 926 Patermitati
1273 862 1352 924 revel

225 992 268 1036 ne
289 991 364 1034 eum
374 971 605 1054 perturbarem,
620 979 654 1034 et
667 989 709 1035 ne
720 971 791 1053 ipse
798 977 829 1032 et
848 969 903 1034 alii
920 968 1100 1050 audientes,
1113 968 1153 1030 in
1172 988 1240 1030 me
1264 879 1362 1030 scanni]

227 1085 398 1160 narentur,
441 1073 628 1156 judicantes
668 1095 720 1140 me
760 1072 947 1138 instabilem
993 1081 1026 1135 et
1064 1074 1274 1135 monastica
1319 1073 1362 1154 quir

225 1183 460 1264 impatientem3
489 1188 544 1242 aut
573 1180 656 1242 sorte
683 1180 855 1247 diabolids
886 1179 1110 1242 incitamentis
1146 1187 1362 1262 t’exatnm,r

225 1289 304 1352 vitio
322 1285 519 1349 curiositatis
539 1285 705 1369 iniectum,
722 1295 777 1350 ant
798 1285 931 1353 levitate
950 1291 1085 1365 motum,
1105 1284 1211 1350 etita
1236 1283 1362 1454 snsppua]

226 1393 352 1456 stabam
375 1399 406 1453 et
428 1390 461 1456 in
483 1390 570 1453 nullo
592 1411 645 1453 me
666 1391 892 1474 manifestavi,
915 1390 978 1452 nisi
994 1387 1088 1470 ⁸quod
1118 1387 1162 1450 de
1188 1396 1322 1451 terras

226 1506 260 1560 et
285 1496 326 1560 de
347 1495 532 1558 Jerusalem
563 1497 783 1578 interrogatus
812 1513 877 1558 nen
909 1495 1063 1576 loquebar
1091 1493 1228 1576 absque
1255 1495 1362 1576 suspirb

227 1611 261 1666 et
284 1617 512 1682 nonnunquam
545 1599 703 1682 dicebam,
735 1621 788 1663 me
810 1601 960 1682 ignorare
978 1597 1164 1669 Jerusalem
1187 1599 1324 1662 vidisse.
1350 1595 1362 1678 l

227 1707 302 1770 dnm
314 1709 550 1788 interrogarent
560 1723 624 1790 me,
637 1725 678 1772 an
694 1705 888 1770 desiderium
901 1703 1059 1766 redeundi
1072 1704 1246 1788 haberem,
1259 1679 1362 1788 respond

226 1811 427 1893 simpliciter,
440 1811 526 1894 quod
546 1811 605 1874 sie.
627 1811 756 1874 lnte'rea
773 1820 865 1873 tante
881 1811 1032 1874 aestuavi
1054 1807 1222 1874 desiderio
1238 1807 1362 1888 redeunti

227 1915 314 2000 quod
330 1915 451 1978 nullum
471 1916 623 1999 studium,
637 1915 727 1978 nulla
748 1917 826 1979 mibi
841 1915 960 1998 placuit
979 1917 1150 1998 scriptura,
1162 1917 1231 1978 nisi
1254 1917 1362 1980 bistoru

227 2019 370 2101 Bibliae,
404 2027 437 2080 et
465 2019 549 2084 aliae
579 2021 738 2087 faciontes
773 2022 969 2101 mentionem
1002 2021 1042 2084 de
1077 2020 1280 2089 Jerusalem.
1323 2020 1362 2082 lde

228 2123 336 2186 omnia
356 2140 441 2205 quae
462 2122 504 2184 ad
525 2143 654 2190 manum
676 2118 835 2189 venerunt
857 2125 898 2187 de
912 2127 987 2188 istis
1000 2122 1142 2208 perlegi:
1164 2125 1286 2212 collegi
1307 2129 1362 2189 etim

228 2228 335 2292 omnia
356 2229 572 2312 peregrinatio
592 2224 747 2313 militum,¹
761 2240 794 2292 et
816 2231 946 2294 libellos
961 2232 1217 2316 peregrinorum,
1239 2243 1273 2296 et
1296 2243 1362 2296 term

228 2345 362 2400 surreiae
382 2333 628 2419 descriptiones,
644 2355 747 2420 eaque
767 2337 901 2420 perlegi,
920 2345 953 2398 et
974 2346 1094 2420 quanto
1114 2335 1188 2419 plus
1208 2337 1289 2421 legi,
1310 2348 1362 2399 tani

228 2440 401 2524 inquietior
418 2441 522 2506 lactus
536 2440 594 2521 fui,
610 2443 687 2523 quia
700 2442 933 2524 imperfectam,
951 2442 1196 2525 superficialem,
1212 2443 1359 2508 distractu

228 2553 263 2610 et
284 2547 452 2610 confusam
470 2547 576 2610 fnisse
596 2564 701 2608 meam
717 2548 1008 2630 peregrinationem
1030 2567 1073 2610 ex
1093 2548 1164 2610 aliis
1186 2546 1362 2632 deprehendi

228 2649 271 2712 Et
301 2667 504 2730 perannum
534 2654 583 2716 sic
615 2653 648 2715 in
682 2651 845 2714 laboribus
877 2651 1015 2733 legendo
1046 2661 1078 2714 et
1109 2653 1277 2718 scribendo
1309 2653 1362 2718 steti,

228 2735 326 2814 An'rm
357 2759 463 2814 autem
501 2773 567 2819 uno
605 2775 679 2820 eum
716 2757 772 2818 illa
802 2757 1023 2838 inquietudine
1053 2767 1214 2822 transacto
1252 2761 1358 2824 venitin

230 2861 373 2918 nostram
389 2857 587 2937 provinciam
597 2860 771 2924 Gerreralis
793 2863 891 2924 tetius
909 2861 1030 2925 ordinis
1047 2865 1111 2925 mei
1128 2862 1358 2942 praedicatoren,

230 2957 356 3022 scilieet
385 2958 504 3024 Salvus
532 2963 574 3027 de
605 2963 746 3028 Cassera
780 2965 824 3031 do
852 2966 1054 3049 Pannormo,
1084 2967 1198 3041 missus
1229 2988 1250 3035 u
1277 2973 1309 3036 s.
1332 2971 1355 3034 ll.

230 3063 321 3148 Papa
356 3061 450 3128 Sixto
479 3067 538 3130 lV.
568 3078 680 3132 contra
711 3071 883 3136 Dominum
912 3071 1078 3134 Andream
1105 3071 1355 3159 Arcbiepiscopm

231 3169 454 3255 Crainensem,
474 3174 715 3258 quiconabatnr
732 3178 921 3259 nescioquo
942 3179 1057 3260 spiritu
1079 3185 1180 3240 motus
1207 3195 1355 3246 convocare

230 3277 272 3342 ad
292 3279 452 3344 Basileam
463 3278 616 3363 generale
632 3279 821 3363 Consilium,
839 3291 872 3344 et
892 3281 1010 3346 ibidem
1032 3282 1192 3345 residebat
1202 3287 1260 3348 sub
1276 3291 1354 3371 lupe·

231 3384 349 3444 tatoris
368 3386 525 3451 Friderici
546 3387 633 3463 tertii
662 3385 780 3450 tutela:
815 3395 851 3449 ut
885 3396 992 3449 autem
1043 3386 1200 3469 praelatus
1221 3389 1354 3476 Magister

232 3481 362 3548 Ordinis
384 3489 642 3558 Praedicatorum
674 3500 786 3556 oontm
808 3492 898 3556 illum
917 3493 1197 3574 Arebiepiscopum
1215 3492 1352 3560 edioaciu

232 3603 331 3668 agere
351 3602 471 3675 posset,
493 3598 687 3662 ecrrvocavit
708 3597 750 3660 ad
765 3615 804 3660 se
824 3596 864 3661 ad
881 3595 1090 3660 Conventnm
1101 3596 1352 3662 Columbariensm

231 3689 420 3758 famosiores
449 3707 579 3762 nostrae
615 3702 803 3784 provinciae
834 3701 1088 3766 Praedicatores.
1132 3704 1218 3766 'inter
1242 3721 1315 3785 quos
1331 3713 1351 3768 et

231 3812 293 3878 ego
324 3797 444 3860 missus
485 3805 562 3864 veni
607 3805 650 3868 ad
684 3805 883 3888 praedictum
923 3806 1130 3879 Conuentum
1161 3805 1301 3874 auditurus
1328 3819 1349 3872 et

230 3901 391 3986 pariturus
413 3909 606 3989 praeceptis.
626 3907 765 3992 (MA)
787 3912 903 3996 Itaque
925 3933 978 3976 rne
1000 3932 1074 3976 cum
1090 3912 1205 3977 Ordinis
1221 3913 1349 3998 blagbtro

230 4011 392 4074 existente
412 4011 497 4074 inter
525 4012 598 4095 alia,
621 4013 662 4078 de
691 4017 899 4099 quibuscum
928 4035 991 4082 sua
1018 4018 1205 4084 Paternitate
1230 4021 1347 4084 conterre

227 4114 414 4204 babni,dixl
434 4115 743 4186 enaalieverentiae
764 4122 959 4188 desiderium
981 4141 1088 4184 meum
1104 4121 1143 4186 de
1158 4123 1303 4206 renuendo
1314 4125 1343 4188 ri

632 4387 761 4501 *a
