2784 4772
125 378 277 464 racipere.
298 374 398 440 Miles
419 356 496 456 euge
516 382 662 458 pattena·
675 393 736 440 sno
753 374 861 440 dolum
886 373 1053 455 indicavit,
1076 379 1111 434 et
1131 378 1300 454 patronus

124 483 289 570 praelecto
322 480 364 547 de
386 477 491 545 llama
511 479 726 546 sarracenum
747 482 927 549 accusavit
970 479 1093 544 Statim
1114 486 1238 561 autem,
1259 487 1299 541 ut

124 591 310 674 praefectus
331 576 475 669 audivit,
489 589 576 650 misit
596 588 811 671 apparitorem
832 604 905 650 cum
926 584 1042 650 baculo
1064 582 1106 648 ad
1130 602 1297 648 carcerem

126 701 288 774 meum,
310 693 343 757 in
366 710 430 774 quo
451 698 611 756 mercator
632 710 705 755 cum
726 695 797 756 suis
818 693 915 756 rebus
936 690 1083 772 sedebat,
1105 695 1140 752 et
1159 688 1300 753 abstulit

125 800 227 864 abeo
249 799 284 861 vi
311 796 384 860 illos
406 797 549 882 quinque
569 796 723 880 ducatos,
758 799 935 862 restituens
957 815 1015 860 eos
1046 798 1238 878 peregrino,
1262 802 1299 856 et

126 926 165 970 eo
184 904 297 968 multis
317 901 425 989 plagis
447 919 522 966 cum
543 903 657 967 baculo
675 903 828 986 vapulato
849 901 985 966 tradidit
1007 908 1041 964 et
1062 903 1192 964 vitrum.
1236 898 1299 962 Sic

125 1029 204 1095 ergo
222 1008 415 1075 deduximus
440 1005 525 1068 diem
546 1006 636 1072 illum
658 1027 730 1072 cum
753 1011 868 1071 minori
889 1006 1012 1090 taedio,
1042 1025 1138 1090 quam
1159 1023 1300 1088 praece-

126 1115 253 1185 dentes.
296 1110 380 1176 Cum
402 1131 480 1176 vero
503 1131 569 1176 nox
590 1114 679 1179 facta
703 1124 792 1178 esset
821 1119 984 1178 venerunt
1005 1111 1136 1196 quddam
1152 1109 1299 1193 juvenes

124 1221 306 1302 Aethiopes
327 1216 425 1284 valde
455 1220 599 1301 protervi
620 1227 655 1284 et
675 1221 771 1302 mali,
802 1220 951 1284 scutiferi
973 1217 1173 1280 dominorum
1195 1216 1299 1276 Man-

125 1345 244 1408 rcrum,
266 1332 301 1386 et
326 1323 480 1388 volebant
501 1326 628 1408 ingredi
649 1326 836 1409 speluncam
858 1326 900 1389 ad
922 1323 1092 1390 iurandum
1114 1328 1148 1384 et
1170 1319 1212 1384 ad
1234 1335 1298 1383 nos

124 1430 319 1512 vexandum,
335 1428 396 1492 sed
417 1429 582 1515 custodes,
594 1450 676 1516 quos
697 1431 966 1514 conduxernmus,
978 1449 1045 1494 non
1064 1429 1298 1512 permittebant

125 1555 184 1600 aos
213 1538 355 1616 intrare,
385 1543 420 1598 ot
452 1535 507 1600 diu
539 1538 635 1600 sinim
673 1535 905 1600 concertabant
944 1543 979 1598 et
1011 1535 1183 1617 litigabant
1220 1539 1299 1597 ante

125 1642 303 1708 introitum.
358 1637 441 1704 Cum
474 1645 583 1706 autem
616 1641 794 1722 vidissent,
828 1640 915 1724 quod
946 1643 1117 1723 ingressus
1146 1641 1196 1700 eis
1232 1654 1298 1698 non

125 1753 264 1828 pateret,
277 1755 457 1828 posuerunt
478 1764 517 1810 se
537 1755 614 1810 ante
631 1743 793 1827 ostiolum,
811 1752 846 1807 et
866 1751 935 1807 tota
955 1752 1054 1808 nocte
1071 1751 1299 1822 emtaveronr,

125 1851 304 1934 ululantes,
325 1851 500 1933 latrantes,
530 1853 712 1934 grinieotes
734 1853 823 1915 sicut
846 1851 985 1934 bestiae,
1019 1867 1118 1914 canes
1139 1855 1174 1910 et
1195 1849 1298 1930 porci.

126 1957 294 2022 Pessimae
316 1956 402 2018 euim
424 1974 526 2022 voces
547 1957 667 2019 babent
695 1974 808 2018 omnes
839 1953 1042 2038 orientales,
1074 1973 1137 2018 nac
1157 1959 1298 2036 possunt

126 2062 265 2127 formare
287 2060 474 2142 melodiam,
497 2060 556 2123 sed
579 2070 695 2126 cantus
717 2081 828 2125 eornm
849 2068 901 2124 est
923 2079 1091 2143 caprarum
1118 2059 1239 2122 clamor
1261 2065 1297 2120 et

125 2166 308 2230 vitulorum.
353 2163 436 2227 Cum
457 2167 523 2228 ista
544 2185 622 2249 ergo
644 2165 869 2251 inquietudine
890 2185 957 2230 nox
976 2167 1033 2228 illa
1053 2167 1194 2229 transiit.

211 2271 339 2338 Octava
368 2269 533 2335 laborabat
554 2272 653 2336 Pater
666 2271 858 2338 Gordianus
890 2271 1004 2336 etalii
1034 2271 1224 2336 maturiores
1255 2266 1298 2330 de

127 2378 308 2462 peregrinis
339 2385 371 2440 et
389 2374 567 2441 Saracenis
594 2397 651 2462 pro
680 2377 852 2441 concordia
879 2386 1103 2460 patronorum,
1126 2374 1186 2438 sed
1215 2373 1297 2437 nihil

127 2484 346 2568 proficiebant.
386 2480 481 2560 Quod
503 2501 574 2546 cnm
598 2483 716 2548 domini
735 2485 842 2548 Mauri
863 2492 895 2546 et
917 2482 1170 2548 Sarracenornm
1199 2496 1297 2563 prae-

128 2590 208 2656 lacti
219 2589 390 2668 uidissent,
400 2587 608 2670 prudentiusi
618 2591 753 2654 consilio
764 2591 875 2652 ambos
883 2589 1296 2671 patroncsadvocaverunt,

129 2694 286 2774 diceutes,
297 2691 383 2776 quod
401 2693 465 2760 nisi
482 2694 516 2756 in
533 2695 710 2758 continenti
722 2696 897 2775 unirentur,
909 2711 967 2758 eos
989 2696 1153 2777 captivare
1163 2694 1297 2778 vellent,

128 2809 162 2862 et
183 2799 226 2862 ad
246 2797 411 2862 Gazararn
430 2801 464 2860 ln
485 2799 666 2863 custodiam
687 2802 821 2882 mittere,
846 2817 1016 2886 quousque
1046 2819 1104 2882 per
1134 2800 1296 2863 dominum

129 2903 307 2971 soldanum
327 2900 497 2967 diffinitum
507 2902 614 2988 suerit,
627 2906 713 2990 quod
736 2905 777 2968 de
797 2907 838 2969 iis
856 2904 926 2970 lieri
940 2903 1082 2969 deberet.
1102 2903 1298 2988 Peregrinos

129 3027 209 3074 vero
230 3007 354 3074 uellent
379 3006 536 3088 repellere
556 3011 590 3072 in
607 3011 720 3092 galeas
740 3012 813 3075 sino
833 3011 976 3074 locorum
996 3019 1185 3074 sanctornm
1212 3009 1297 3074 visi-

129 3113 267 3196 tatione,
300 3121 333 3177 et
356 3112 405 3174 eis
432 3111 474 3176 de
508 3113 579 3176 aliis
607 3118 752 3198 patronis
780 3115 971 3200 providere,
999 3124 1033 3178 et
1066 3115 1107 3179 ad
1137 3117 1297 3198 propriam

129 3226 248 3286 terram
270 3217 441 3282 remittere.
484 3218 559 3282 Hae
579 3222 826 3289 comminatione
846 3221 950 3284 eoacti
978 3228 1054 3285 sunt
1088 3221 1151 3286 duo
1172 3221 1298 3304 patroni

129 3340 168 3388 ae
187 3323 291 3406 unire,
312 3331 347 3386 at
359 3323 484 3394 dextris
504 3324 568 3391 sibi
589 3326 728 3392 invicem
749 3326 834 3392 datis
855 3345 920 3409 pax
941 3326 1026 3390 inter
1047 3344 1106 3391 eos
1124 3327 1212 3390 iacta
1232 3334 1295 3390 est.

128 3429 175 3492 nt
195 3429 413 3498 conventione
435 3429 522 3496 lacta
542 3448 616 3494 cum
642 3433 819 3514 praefectis
841 3441 875 3495 et
896 3431 1035 3496 dominis
1063 3452 1121 3514 pre
1149 3430 1299 3499 omnibus

129 3533 234 3616 nobis,
251 3534 551 3620 veuitbilpbahallo,
573 3538 677 3602 minor
692 3537 838 3617 Calinus,
856 3535 981 3619 dicans,
1002 3535 1090 3620 qnod
1105 3533 1297 3599 deberemus

130 3655 191 3705 uas
212 3638 386 3721 disponere
406 3637 448 3702 ad
469 3658 645 3708 recessum.
674 3643 904 3726 Disposuimus
925 3659 1003 3725 ergo
1023 3659 1086 3706 nos
1108 3647 1245 3723 reperta,
1265 3647 1298 3701 et

129 3743 272 3810 sacculis
295 3761 335 3810 ac
355 3744 552 3810 flasconibus
562 3749 687 3814 onerati
708 3749 878 3812 stabamus
889 3756 1128 3830 exspectantes.
1151 3743 1298 3828 Cumque

130 3845 477 3915 domiuiSarracenise
487 3857 562 3912 ante
572 3851 761 3932 spelurmam
773 3862 916 3920 nostram
930 3853 1105 3934 locassent,
1117 3860 1153 3915 ut
1174 3852 1299 3933 iterum,

129 3953 216 4017 siem
236 3953 365 4034 quanda
387 3951 428 4018 de
449 3953 531 4018 mart
549 3959 780 4042 ascendimus,
801 3967 1007 4024 numerarent
1036 3972 1114 4037 noe,
1138 3957 1182 4014 st
1208 3951 1299 4014 multi

130 4057 292 4140 peregrini
308 4058 376 4140 jam
395 4055 520 4120 dimissi
541 4070 655 4124 essent
675 4061 718 4126 ad
741 4062 874 4143 asinos,
903 4076 981 4124 ecce
1012 4058 1119 4122 subito
1148 4055 1300 4120 conversi

129 4160 164 4224 in
185 4160 335 4244 furorem,
356 4162 468 4235 prescio
490 4179 556 4245 qna
580 4161 622 4227 da
643 4183 744 4230 carme
764 4183 825 4230 nos
846 4181 920 4228 cnm
941 4181 1059 4247 magna
1077 4161 1299 4246 indignatione

131 4265 164 4328 in
186 4283 319 4347 specum
330 4272 530 4329 retruserunt
542 4266 701 4330 violenter
722 4262 796 4348 (B)
818 4287 891 4334 cum
916 4268 1042 4334 baculis
1063 4268 1244 4350 minantes,
1266 4267 1298 4330 in
