2596 4788
540 162 548 177 ,
685 98 751 164 stt

135 271 280 343 edendo.
323 277 361 338 ln
392 293 457 340 uua
486 287 578 362 parte
611 278 774 342 ecclesiae
805 287 926 344 extra
960 293 1107 342 murum
1135 286 1184 338 ost
1207 279 1261 340 tine

136 395 271 464 mgna,
290 381 429 464 optimus
449 379 574 446 lubens
595 400 718 466 equas,
738 402 796 466 pro
817 381 1062 448 custoditius
1086 381 1201 462 templi.
1232 385 1265 444 ltt

135 485 200 548 alio
228 491 321 568 parte
352 493 404 548 est
438 487 534 550 etiem
565 490 674 552 exitus
706 489 741 552 in
771 487 966 572 quondam
1007 489 1146 550 curiam
1174 503 1226 548 uon
1244 500 1270 548 tt

135 597 290 672 opertam,
305 596 338 653 et
359 589 433 653 eltis
453 591 555 654 muris
577 591 818 676 circumdatam,
835 593 874 656 in
906 609 995 676 qua
1020 599 1109 654 sunt
1128 589 1269 652 leceline·

135 693 177 758 ad
208 711 291 776 opus
322 701 461 757 naturae
491 695 664 778 agendum.
713 700 806 761 llaec
837 698 1022 761 ecclesia
1059 695 1163 757 habet
1196 711 1275 754 nnon

134 799 246 862 turrim
268 797 384 883 tultam,
406 799 446 864 de
467 800 541 864 albo
561 799 671 884 lepide
692 803 859 866 marmoris
902 809 1110 878 erectam,
1139 797 1173 858 in
1191 797 1277 896 quid

135 901 541 988 poddehommore,
574 923 710 987 quarum
730 907 821 992 ligne
841 915 875 970 et
905 905 1051 968 trabes
1076 899 1277 964 adhucdum

136 1009 305 1092 superins,
335 1009 516 1093 inquibus
546 1007 777 1094 pependerunt
821 1008 888 1072 Sed
929 1006 1097 1092 perdita
1125 1003 1277 1082 Hierosolu

137 1129 316 1197 componas
349 1130 462 1176 omnes
488 1113 693 1198 dejecerunt,
722 1134 788 1179 non
820 1116 908 1178 eninr
953 1113 1150 1178 sustinent
1177 1121 1277 1187 unos

135 1217 256 1302 pegeni
278 1217 318 1280 de
340 1217 402 1281 ritu
414 1217 620 1302 Machameti,
642 1220 719 1302 uuis
738 1218 963 1284 inAlcorano
991 1236 1124 1282 eorum
1144 1221 1277 1296 promet!

138 1323 274 1408 habent,
308 1321 393 1406 quod
414 1341 479 1392 nou
511 1333 643 1388 utantur
664 1325 830 1408 componis
857 1323 900 1388 od
937 1324 1023 1386 Dei
1053 1319 1277 1396 serviemus

135 1428 329 1491 sustineant.
371 1429 415 1492 Et
440 1436 549 1494 temen
581 1428 713 1511 dicitur,
745 1426 831 1511 quod
863 1428 1030 1493 libenter
1067 1423 1198 1509 pulsum
1222 1435 1278 1490 Μ

137 1533 277 1595 audient.
319 1529 388 1594 Sed
409 1533 514 1599 solum
546 1533 619 1598 idco
641 1553 706 1596 non
732 1534 869 1618 habent,
897 1554 944 1596 ne
984 1532 1100 1596 nobis
1125 1535 1271 1592 mseutw

136 1635 266 1700 lennes.
310 1632 406 1713 Quod
426 1637 618 1702 maledictus
639 1639 866 1704 machometus
886 1640 1029 1722 ubique
1053 1631 1222 1718 praecavit
1277 1685 1278 1695 ,

219 1739 313 1802 Haec
333 1741 430 1804 turris
450 1743 555 1825 prima
584 1751 718 1825 apparet
738 1753 815 1808 ante
841 1745 972 1826 omnia,
1014 1737 1171 1805 venienti
1192 1732 1222 1796 de
1235 1729 1265 1788 le

136 1842 246 1907 thenis
273 1843 532 1931 indemnem,
564 1849 650 1912 sicut
677 1867 779 1933 saepe
807 1847 1038 1914 consideravi.
1085 1844 1199 1906 Limen
1219 1849 1269 1912 sull

136 1947 295 2012 eeclesiae
327 1951 443 2014 ostium
475 1961 526 2016 ost
552 1952 593 2017 de
621 1951 850 2018 candidissimo
880 1970 1076 2033 marmore,
1110 1956 1145 2009 et
1167 1943 1200 2006 ol
1215 1945 1262 1998 ono

135 2059 189 2116 est
210 2053 371 2137 sculptum
393 2054 586 2138 imaginibus
616 2056 657 2120 de
678 2057 829 2142 ingressu
849 2058 983 2122 Domini
1006 2073 1121 2138 super
1141 2041 1263 2112 mutui

135 2155 337 2240 Jerusalem
369 2163 403 2220 et
424 2158 467 2221 de
483 2158 555 2244 iilo,
589 2162 748 2245 quomodo
769 2170 918 2228 ementes
938 2173 973 2226 et
997 2159 1182 2226 vendentes
1206 2145 1258 2228 tjffl‘l

137 2260 333 2346 detemp103
357 2267 390 2324 et
412 2259 452 2324 de
474 2267 720 2329 resuscitatione
744 2268 872 2332 honeri.
900 2267 1138 2332 Veruntamen
1156 2251 1259 2335 ΜΨ

135 2377 212 2432 sunt
234 2368 393 2432 violenter
420 2365 613 2453 destructae,
636 2378 668 2433 et
689 2370 857 2435 mutilatae
878 2373 1045 2435 membris.
1077 2367 1177 2449 Super
1190 2353 1254 2420 still·

136 2471 207 2536 sine
227 2473 344 2538 valvas
366 2473 495 2536 fuerunt
515 2474 596 2537 haec
609 2483 711 2539 metra
731 2477 887 2561 inscripta
905 2477 1085 2562 lapidibus,
1099 2487 1178 2560 quas
1191 2473 1253 2526 me

138 2593 200 2662 ego
222 2575 333 2642 videre
354 2595 419 2640 uon
440 2577 547 2661 potui:

301 2683 394 2744 Διιιιο
417 2683 545 2746 milleno
567 2691 705 2748 centeno
724 2703 788 2769 quo
810 2686 916 2750 minus
935 2704 1011 2769 uno,

302 2781 499 2860 Quindecies
519 2787 595 2851 Nilo
613 2788 682 2872 jam
702 2791 820 2872 phoebi
840 2791 960 2856 lumine
978 2798 1083 2874 tecto,

300 2885 400 2950 Vitae
419 2888 493 2972 plus
514 2910 629 2958 sacrae
649 2894 758 2960 studio
780 2914 877 2980 quam
896 2897 1046 2980 mitigare
1069 2909 1149 2974 acre,

298 2988 482 3058 Jerusalem
501 2995 620 3064 Franci
641 3000 773 3082 copiunt
793 3003 914 3066 virtute
934 3003 1070 3085 potente

219 3090 397 3160 Columnae
417 3117 614 3166 marmoreae
633 3107 888 3188 pretiosissimae
909 3116 994 3170 stent
1015 3108 1050 3170 in
1074 3102 1147 3168 otrlo
1166 3083 1241 3170 Mill

133 3207 358 3268 sustentantes
379 3201 487 3290 limen,
509 3215 541 3271 et
561 3209 720 3291 porticum
741 3219 902 3276 ornantes.
924 3210 963 3275 Si
984 3212 1058 3294 quis
1080 3189 1244 3276 antonelli

134 3307 247 3374 uidere
279 3307 413 3374 formem
447 3309 543 3393 hujus
581 3314 707 3399 templi,
742 3312 854 3379 videat
889 3315 1095 3400 peregriunle
1129 3291 1241 3388 ιιιιεῐιίῧω

136 3401 255 3482 domini
289 3421 324 3479 et
353 3415 486 3500 ingenui
520 3416 599 3502 viri,
635 3417 764 3486 Domini
790 3422 969 3485 Bernhardi
998 3421 1039 3484 de
1070 3399 1243 3484 neoterici

136 3517 295 3582 ecclesiae
313 3520 575 3602 metropolitanae
589 3525 848 3608 moguntinensis
870 3526 997 3608 decani,
1017 3535 1051 3589 et
1070 3526 1116 3590 ibi
1132 3515 1238 3601 depictos

136 3617 208 3700 ejus
234 3619 376 3702 effigiem
407 3622 489 3691 adeo
518 3626 607 3694 clere
634 3629 827 3716 intuebitur,
858 3649 898 3699 oc
918 3633 949 3698 si
977 3632 1012 3700 iu
1032 3632 1114 3696 strio
1133 3613 1242 3692 eooldill

135 3728 239 3790 staret
261 3731 292 3792 et
313 3724 450 3800 videret,
