2914 4850
656 187 679 252 b

64 372 462 465 [nandoque-multum,
491 372 686 459 quandoque
713 371 837 454 minus,
871 386 930 453 pro
961 369 1058 432 naulo
1087 341 1254 451 recipiunt.

64 488 228 550 rantum
255 492 362 547 autem
384 481 516 566 de'oxp
579 481 586 498 ’
637 476 858 562 recipiendum
885 476 963 540 aiibi
990 483 1136 560 constat,
1169 474 1257 560 quod

64 605 188 656 cursa
223 590 320 672 plena
350 597 383 652 ot
425 603 542 652 manus
610 603 670 670 rga
708 604 859 669 magnam
894 583 1039 647 deservit
1074 600 1189 666 paoem
1223 581 1257 643 iu

64 696 346 782 peregrinatione
366 693 431 759 illa.
460 693 557 756 Multi
579 693 675 756 etiam
697 693 731 755 iu
748 688 818 756 suis
832 685 1257 771 libellulispperegrin'alibus

64 805 234 866 nituntur
253 801 481 876 determinatas
503 799 696 863 directiones
708 799 796 862 dare
817 796 858 860 de
876 794 1002 878 diaetis,
1030 791 1071 856 de
1092 793 1258 875 expensis,

64 908 119 971 de
145 907 308 990 regintltte
335 907 369 968 iu
396 905 496 988 mari,
527 900 569 967 (le
596 893 845 969 condonatione
869 921 944 964 cum
975 899 1183 981 Sarracenis,
1217 898 1258 961 de

64 1013 353 1096 provisione'per
372 973 610 1091 desertumf'et
632 1010 674 1073 de
701 1007 896 1093 hujusmodi,
918 1011 1003 1089 qua‘e
1023 1012 1131 1066 tamon
1153 1003 1260 1066 omnia

63 1122 214 1182 incerta
252 1123 345 1197 suut,
381 1123 414 1177 et
445 1115 584 1199 singtdis
621 1115 793 1177 momentis
827 1119 999 1174 mutantur.
1049 1106 1127 1170 Ideo
1161 1108 1258 1170 ctiam

63 1235 221 1288 transeo
240 1222 282 1285 de
301 1221 386 1303 istis,
401 1227 435 1281 et
455 1219 581 1282 remitto
603 1219 713 1300 legera
729 1215 878 1281 volentes
895 1214 935 1280 ad
954 1215 1018 1278 alia
1034 1213 1258 1298 peregrinalia.

170 1324 408 1392 Substantialia
443 1333 477 1386 et
506 1323 692 1386 necessarie
725 1323 812 1388 illius
844 1311 963 1385 sacrae
989 1319 1259 1402 peregrinationis

67 1435 184 1498 vobis
207 1433 241 1495 iu
267 1431 331 1495 hoc
359 1431 557 1516 Dyagatorio
585 1430 651 1494 lato
680 1438 713 1493 et
737 1431 827 1494 clare
854 1427 981 1511 aperui,
1009 1434 1045 1488 et
1065 1425 1106 1488 ad
1129 1425 1258 1490 oculum

68 1509 228 1603 ostendi.
271 1536 347 1598 Non
368 1535 472 1598 solum
493 1544 600 1634 autpm
621 1529 733 1620 vobis',
755 1536 831 1600 mihi
853 1534 963 1616 utique
983 1530 1176 1614 charissimi,
1199 1529 1259 1594 sed

72 1646 186 1708 etiam
216 1639 409 1728 quibusdam
437 1641 526 1724 aliis,
558 1635 637 1704 inihi
668 1643 776 1705 miuus
803 1641 889 1704 notis
923 1637 1174 1722 communicavi,
1202 1641 1258 1721 qui

74 1758 226 1832 accepto
248 1765 320 1813 meo
347 1764 505 1830 processu
534 1747 596 1810 sibi
618 1747 659 1811 ad
681 1765 760 1811 suas
783 1764 941 1831 personas
963 1765 1005 1808 ex
1035 1764 1075 1807 eo
1096 1743 1258 1808 libellulos

64 1855 319 1935 coniecerunt,
349 1853 436 1936 quod
470 1859 577 1915 tamen
597 1855 674 1916 mihi
702 1875 767 1918 non
794 1851 964 1936 displicet,
998 1849 1058 1914 sed
1090 1851 1260 1935 plurimum

64 1961 214 2044 placet,
254 1957 331 2043 quia
371 1958 451 2041 hoc,
487 1958 574 2042 quod
606 1960 679 2022 sino
711 1960 843 2022 fictione
881 1957 996 2041 didici,
1035 1956 1108 2019 sino
1139 1954 1261 2019 invidia

64 2065 300 2129 lcommunieo.
343 2060 467 2126 Eodem
488 2063 583 2127 modo
601 2064 679 2127 mihi
700 2043 823 2147 placet,
850 2072 886 2126 ut
906 2065 969 2126 hoc
990 2081 1097 2125 meum
1124 2063 1261 2146 Evaga-

64 2170 206 2233 ltorium
228 2168 472 2232 communicetis
493 2166 566 2231 aliis
598 2169 702 2232 nostri
730 2169 852 2233 ordinis
881 2169 1052 2250 iratribus;
1083 2167 1259 2250 praecipua

64 2281 198 2338 lautam
229 2272 382 2336 fratribus
410 2265 491 2335 mihi
509 2272 767 2354 singularissime
789 2275 916 2343 dilectis
938 2271 1131 2337 Conventus
1157 2271 1257 2349 lusi·

64 2380 230 2457 licensis,
257 2378 342 2438 inter
363 2394 444 2458 quos
466 2394 609 2459 apuerc
628 2377 795 2463 educatus,
812 2377 850 2442 'et
868 2377 902 2442 in
926 2379 1081 2460 religione
1103 2386 1136 2440 et
1154 2365 1259 2440 sacris

65 2485 194 2549 titteris
215 2484 391 2546 instructus
413 2499 496 2557 sum.
520 2477 662 2545 Demuin'
683 2494 790 2547 autem
812 2483 1024 2566 dispositione
1041 2483 1262 2546 Praelatorum

65 2598 126 2655 let
158 2589 367 2672 superiorum
395 2596 594 2671 nostrornm,
636 2587 762 2652 vobis
752 2609 785 2652 ιιι
822 2588 1016 2652 confratrem
1046 2607 1119 2652 snm
1152 2588 1258 2670 datus,

87 2706 125 2760 et
158 2692 333 2758 conventui
366 2699 477 2770 vestro
511 2691 712 2780 appodiaps
766 2691 1018 2785 Communicetis
1047 2694 1144 2756 etiam
1181 2708 1260 2793 rpgo

87 2798 345 2866 venerabilibus
378 2805 410 2859 et
443 2797 621 2881 Religiosis
660 2793 824 2862 Dominis
844 2807 877 2862 et
893 2796 1067 2899 Patribus
1111 2792 1234 2863 msto
1225 2819 1259 2862 ru

90 2906 213 2988 insigni
233 2901 433 2966 Monasterio
454 2902 652 2990 niahomon,
673 2907 733 2967 sub
739 2904 913 2990 generose
893 2869 1031 2968 l’atro
1053 2914 1085 2968 et
1107 2905 1256 2986 Domino,

90 3012 230 3077 Domino
251 3006 354 3072 Paulo
376 3005 481 3090 Kast,
508 3009 638 3071 Abbato
670 3009 860 3093 dignissimo
883 3011 1092 3111 degentibus,
1128 3010 1260 3074 Ordinis

94 3119 134 3187 S.
155 3110 332 3178 Benedici
293 3100 521 3203 lDomirtis
549 3116 646 3177 etiam
671 3113 816 3216 ejusdem
849 3116 1003 3179 ordinis'
992 3136 1026 3178 ru
1048 3114 1256 3199 Wiblingen,

96 3234 128 3286 et
150 3223 182 3284 iu
187 3219 363 3284 Blabirren
393 3217 511 3281 vicinis
543 3219 673 3282 nostris.
717 3219 895 3303 Religiosis
924 3224 1020 3285 etiam
1052 3219 1203 3283 Dominis
1225 3230 1258 3282 et

95 3327 244 3392 Patribus
258 3310 559 3389 Dartusiensibus
550 3343 582 3386 ιιι
604 3325 720 3388 Bono·
701 3325 866 3409 -bapide,
889 3327 951 3388 ct
942 3347 976 3388 ιιι
997 3325 1205 3406 Buchsheim‚
1227 3333 1261 3386 et

98 3437 131 3496 iu
152 3433 252 3494 Horta
280 3416 433 3493 cnum-
455 3429 544 3491 Idem
576 3413 804 3494 communicari
834 3449 936 3515 posco
959 3439 991 3492 et
1004 3428 1149 3492 devotis
1178 3428 1259 3492 viris

98 3531 241 3596 Dominis
253 3527 654 3634 Canonicisllegularibus
673 3535 794 3598 vestris
805 3533 1025 3600 Concivibus'
1015 3554 1049 3598 ιιι
1066 3535 1261 3598 monasterio

99 3637 261 3718 Wengeu.
305 3635 372 3698 Sed
394 3645 427 3699 et
448 3615 609 3721 religiosis
631 3647 664 3701 ct
685 3639 874 3703 reverendis
903 3628 1118 3706 confratribus
1139 3640 1261 3705 nostris

100 3737 276 3807 Minoribus
291 3739 416 3824 lilmae,
437 3742 607 3807 vobiscum
629 3747 909 3830 commorantibus,
935 3765 1057 3831 quaeso
1080 3743 1260 3836 communig

101 3855 196 3927 cetur,
217 3853 253 3908 ut-
274 3852 306 3907 et
324 3844 465 3928 juvenes
486 3848 602 3912 eorum‘
617 3847 755 3933 legendo
776 3850 1007 3936 Evagatorinm
1028 3851 1062 3916 iu
1084 3851 1259 3915 stabilitate

101 3953 273 4034 iirmontnr,
306 3960 406 4016 etex
434 3949 649 4038 descriptione
678 3964 862 4020 sanctorum
892 3955 1035 4021 locorum
1066 3958 1259 4040 scripturam

102 4075 219 4122 sacram
240 4055 378 4122 lucidius
399 4057 596 4142 intelligant,
627 4067 660 4121 et
686 4060 721 4123 in
742 4056 914 4126 devotione
935 4071 968 4125 et
989 4062 1259 4144 contemplatione

103 4163 198 4246 magis
212 4161 389 4246 proficiant.
411 4161 488 4227 Non
502 4163 588 4226 onim
603 4162 666 4226 uisi
678 4163 719 4230 ad
738 4166 915 4249 proiectum
926 4183 1020 4231 suum
1032 4174 1182 4251 poterunt
1192 4172 1258 4227 tam

104 4267 207 4331 maturi
228 4275 260 4330 ot
280 4267 423 4352 religiosi
444 4267 507 4330 viri
528 4266 591 4332 boc
611 4270 797 4352 erogatoris
818 4272 876 4356 uti,
898 4271 978 4335 etsi
1000 4267 1257 4358 reprehendibilo
