2774 4776
687 162 746 229 101

129 368 210 428 vero
231 347 268 413 S.
280 348 397 429 Marci,
419 343 506 428 quod
518 343 639 410 Veneti
655 345 697 411 rie
709 344 911 411 Alexandria
928 345 1070 411 tulemnt
1080 347 1116 410 io
1131 346 1297 411 civitatem

129 474 245 538 snam,
277 472 343 517 non
372 451 530 535 vidimus,
563 453 639 536 quia
666 452 801 536 heitar,
828 451 916 538 quod
953 452 1085 536 quidam
1114 453 1297 518 Monachus

130 559 318 627 munitiori
347 558 497 642 abstulit,
529 566 561 622 et
581 562 618 622 in
646 559 854 624 Germaniam
888 556 1071 642 deportavit
1097 557 1140 622 ad
1171 556 1298 624 0wiam

128 667 301 750 majorem,
336 664 378 730 io
408 665 526 748 quibus
554 666 702 728 omuibus
733 664 830 728 iatius
857 663 974 729 dicitur
1003 666 1039 727 in
1062 663 1099 726 P.
1125 663 1157 729 2.
1177 664 1200 726 i.
1220 663 1297 730 aot.

128 771 259 838 Deinde
291 769 332 834 de
364 769 505 833 ecclesia
535 773 744 839 transivimus
774 771 809 834 in
843 769 947 832 Ducis
980 767 1151 853 palatium,
1180 777 1215 832 at
1239 788 1299 853 per

129 877 294 963 quendam
321 875 364 940 de
394 877 484 940 ouria
511 875 614 942 Ducis
666 875 708 940 ad
734 877 843 940 omnia
869 873 1048 958 penetralia
1079 873 1183 937 Ducis
1210 873 1299 938 ducti

129 1002 257 1068 sumus,
278 985 376 1046 etiam
397 1001 501 1067 usqua
521 981 565 1047 ad
594 981 766 1048 thesauros
785 979 905 1062 Ducis,
938 997 1020 1063 quos
1048 979 1200 1051 vidimata.
1238 979 1299 1042 lite

127 1090 182 1154 die
204 1097 257 1152 est
278 1089 397 1152 testum
418 1087 602 1172 muliorum,
623 1097 656 1152 et
676 1086 828 1151 videntur
848 1087 894 1166 ibi
916 1085 1126 1150 foeminarum
1151 1093 1299 1150 ostenta-

127 1197 236 1260 tiones
268 1193 434 1259 saculares
464 1194 641 1278 iaciemus,
676 1191 763 1277 quod
796 1201 848 1256 est
878 1192 994 1256 mirum
1026 1189 1139 1256 videre
1176 1198 1299 1255 tantam

128 1301 381 1383 preciositatem.

208 1427 312 1490 Sexta
332 1424 457 1488 decima
479 1424 547 1508 aiio,
571 1425 757 1508 jacentibus
778 1425 885 1490 adhuc
902 1425 995 1490 nobis
1016 1427 1051 1490 in
1072 1424 1177 1508 iactis,
1201 1421 1296 1487 audi-

128 1536 240 1597 vimus
279 1530 432 1596 familiam
467 1528 582 1594 domus
618 1532 857 1596 lamentantem.
911 1531 997 1596 Nam
1029 1531 1150 1616 hospes
1189 1537 1299 1596 noster

127 1642 286 1722 magister
319 1635 489 1700 Johauuas
522 1634 635 1700 eadem
668 1643 765 1702 nocte
793 1635 933 1720 obierat,
964 1644 999 1700 et
1029 1636 1226 1700 tractabatur
1257 1632 1300 1696 de

126 1745 202 1828 'ejus
230 1741 407 1825 sepultura.
443 1739 537 1804 Unde
557 1741 707 1826 quidam,
735 1741 945 1804 aestimantes
967 1757 1041 1804 anm
1070 1741 1173 1806 titisse
1194 1739 1300 1824 pauti-

120 1850 299 1958 Jenticum,
328 1847 466 1910 navibus
500 1846 669 1910 conductis
701 1844 919 1910 escenderunt
942 1847 976 1908 io
1004 1845 1165 1927 Paduam,
1189 1854 1222 1907 et
1252 1843 1298 1908 ibi

127 1974 190 2040 per
210 1953 332 2036 aliquot
351 1951 424 2015 dies
444 1961 643 2016 manserunt.
667 1951 751 2016 Cum
772 1951 968 2033 illisamem,
989 1951 1045 2035 qui
1064 1957 1298 2030 remanserunt,

127 2077 193 2144 ago
215 2057 370 2142 navigavi
389 2061 425 2120 in
446 2058 619 2122 ecetesiam
640 2057 677 2120 S.
697 2055 816 2120 Roohii
836 2059 870 2119 io
892 2057 1025 2120 civitate
1052 2055 1243 2136 venetiano,
1265 2061 1299 2117 et

126 2165 354 2230 invocavimus
374 2161 553 2245 praeatum
589 2163 759 2242 Sanctum,
809 2165 865 2249 qui
897 2160 1050 2246 specialis
1088 2160 1215 2244 adjutor
1247 2167 1300 2223 est

129 2271 310 2336 timentium
329 2274 476 2352 pestem,
497 2287 540 2331 ua
559 2269 755 2346 inficiantur.

215 2421 351 2485 Decima
371 2421 510 2505 septima
527 2419 596 2506 dia,
628 2439 712 2508 quaa
735 2421 796 2486 ibit
816 2421 930 2505 vigiiia
953 2420 1179 2502 Pentecoatae‚
1202 2417 1299 2480 novi-

132 2529 285 2612 gavimus
306 2526 348 2588 ad
366 2527 599 2593 Monasterium
621 2527 839 2598 §.iohannis
860 2526 991 2592 Ordinis
1019 2527 1099 2612 albi,
1120 2534 1154 2590 et
1181 2523 1299 2590 ibidem

133 2633 255 2695 Officio
275 2631 479 2697 interfuimus
500 2640 534 2694 et
554 2631 706 2718 reliquias
729 2632 908 2701 deosculati
930 2651 1055 2702 sumus.
1098 2633 1178 2697 Post
1198 2646 1299 2711 prau-

131 2739 221 2802 dium
250 2755 329 2801 vero
368 2735 410 2799 ad
441 2741 737 2822 armamentarium,
777 2739 863 2823 quod
900 2743 1073 2826 nominent,
1101 2734 1298 2814 Archanale,

132 2843 279 2908 civitatis
309 2841 535 2925 transivimus,
564 2852 713 2925 petentes
749 2844 923 2910 intromitti
976 2843 1157 2908 lotromisai
1190 2848 1298 2904 autem

130 2947 274 3012 vidimus
294 2945 339 3010 ibi
360 2945 537 3010 mirabilem
553 2957 741 3031 apparatum
754 2948 960 3035 ieiitenm,et
982 2949 1180 3034 reipublicae
1200 2963 1299 3030 para-

132 3062 244 3117 menta
264 3049 305 3132 ad
327 3049 414 3115 balla
442 3051 573 3116 navalia
594 3062 627 3116 at
657 3057 820 3137 equestria
849 3074 889 3120 ao
909 3053 1090 3139 pedestria,
1119 3050 1299 3136 dequibus

130 3167 207 3242 post
228 3157 343 3221 dicitur
363 3155 449 3219 Part.
468 3155 499 3220 2.
523 3156 544 3218 i.
566 3158 638 3222 205.
668 3159 748 3224 Post
767 3159 830 3226 hoo
848 3161 968 3226 ivimus
989 3163 1086 3225 etiam
1107 3159 1149 3223 ad
1171 3158 1301 3221 domum

129 3264 308 3346 pistorum,
348 3264 403 3349 qui
440 3271 585 3345 coquunt
617 3268 798 3346 paximates
830 3266 874 3330 ati
912 3283 1018 3350 mare,
1055 3275 1088 3329 et
1122 3263 1163 3327 de
1200 3261 1300 3325 tantis

133 3367 320 3436 fornacibus
341 3375 373 3429 et
394 3349 534 3448 ignibus
550 3375 583 3431 et
609 3367 773 3436 laboribus
804 3373 1004 3456 expavimus.
1044 3370 1087 3437 iit
1107 3367 1236 3432 demum
1259 3362 1301 3428 ad

129 3469 261 3536 domum
282 3473 408 3534 reversi
432 3489 556 3536 sumus.

214 3622 351 3688 Decima
374 3632 507 3708 octava,
529 3641 613 3708 quaa
635 3625 696 3690 fuit
717 3624 787 3689 dies
807 3623 967 3696 dominica
990 3640 1024 3693 et
1045 3629 1163 3694 testum
1178 3627 1301 3690 Pente·

131 3733 262 3810 costes,
283 3727 477 3792 intravimus
511 3747 607 3794 mane
629 3729 801 3796 ecclesiam
822 3731 858 3796 S.
880 3735 1115 3817 Bartholomaei
1139 3731 1310 3816 Apostoli,

131 3850 218 3914 quae
248 3842 300 3897 est
331 3833 472 3898 aeclesia
497 3836 692 3916 parochialis
728 3839 860 3921 hospitii
893 3839 1009 3922 nostri,
1052 3847 1086 3902 et
1116 3839 1162 3901 ibi
1192 3837 1302 3901 audivi

131 3936 360 4002 consessiones
385 3938 586 4024 quorundam
607 3943 865 4026 peregrinorum,
889 3954 921 4007 ot
949 3945 989 4008 de
1011 3941 1142 4007 licentia
1173 3945 1302 4028 plebani

131 4040 280 4123 ejusdcm
320 4044 482 4108 ecclesiae
523 4042 656 4107 eosdem
695 4063 791 4112 sacro
832 4049 1059 4113 Eucharistiae
1097 4060 1301 4113 sacramento

130 4149 384 4231 communicavi,
415 4157 450 4212 et
481 4149 659 4217 mansimus
689 4171 747 4234 per
776 4162 877 4219 totum
907 4153 1059 4220 Officium
1086 4158 1120 4216 io
1138 4154 1300 4235 parochia.

130 4251 211 4316 Post
232 4252 402 4336 prandium
422 4271 501 4320 voro
522 4257 750 4340 navigavimus
767 4259 807 4321 ad
828 4261 1001 4324 ecclesiam
1018 4259 1131 4324 Sancti
1149 4257 1302 4341 Spiritus,
