<?xml version="1.0" encoding="UTF-8"?>
<!DOCTYPE html PUBLIC "-//W3C//DTD XHTML 1.0 Transitional//EN"
    "http://www.w3.org/TR/xhtml1/DTD/xhtml1-transitional.dtd">
<html xmlns="http://www.w3.org/1999/xhtml" xml:lang="en" lang="en">
 <head>
  <title>
</title>
<meta http-equiv="Content-Type" content="text/html;charset=utf-8" />
  <meta name='ocr-system' content='tesseract 3.04.00' />
  <meta name='ocr-capabilities' content='ocr_page ocr_carea ocr_par ocr_line ocrx_word'/>
</head>
<body>
  <div class='ocr_page' id='page_1' title='image "./fratrisfelicisf01fabrgoog_0293.png"; bbox 0 0 2608 4842; ppageno 0'>
   <div class='ocr_carea' id='block_1_1' title="bbox 640 79 780 148">
    <p class='ocr_par' dir='ltr' id='par_1_1' title="bbox 640 79 780 148">
     <span class='ocr_line' id='line_1_1' title="bbox 640 79 780 148; baseline -0.014 0"><span class='ocrx_word' id='word_1_1' title='bbox 640 79 645 87; x_wconf 71' lang='grc'>’</span> <span class='ocrx_word' id='word_1_2' title='bbox 717 81 780 148; x_wconf 76' lang='lat'><strong>274</strong></span> 
     </span>
    </p>
   </div>
   <div class='ocr_carea' id='block_1_2' title="bbox 162 263 1303 1086">
    <p class='ocr_par' dir='ltr' id='par_1_2' title="bbox 162 263 1303 769">
     <span class='ocr_line' id='line_1_2' title="bbox 163 263 1303 350; baseline -0.011 -14"><span class='ocrx_word' id='word_1_3' title='bbox 163 272 280 350; x_wconf 84' lang='lat' dir='ltr'><strong>extitit,</strong></span> <span class='ocrx_word' id='word_1_4' title='bbox 301 279 337 334; x_wconf 89' lang='lat' dir='ltr'><strong>nt</strong></span> <span class='ocrx_word' id='word_1_5' title='bbox 356 268 514 332; x_wconf 77' lang='lat' dir='ltr'><strong>fimbriam</strong></span> <span class='ocrx_word' id='word_1_6' title='bbox 534 265 722 328; x_wconf 79' lang='lat' dir='ltr'><strong>vestimenti</strong></span> <span class='ocrx_word' id='word_1_7' title='bbox 742 263 814 346; x_wconf 84' lang='lat' dir='ltr'><strong>ejus</strong></span> <span class='ocrx_word' id='word_1_8' title='bbox 835 264 987 327; x_wconf 73' lang='lat' dir='ltr'><strong>certatim</strong></span> <span class='ocrx_word' id='word_1_9' title='bbox 1009 273 1198 348; x_wconf 83' lang='lat' dir='ltr'><strong>cuperent</strong></span> <span class='ocrx_word' id='word_1_10' title='bbox 1225 269 1303 344; x_wconf 66' lang='lat' dir='ltr'><strong>tar„-</strong></span> 
     </span>
     <span class='ocr_line' id='line_1_3' title="bbox 162 367 1296 456; baseline -0.009 -16"><span class='ocrx_word' id='word_1_11' title='bbox 162 377 237 440; x_wconf 88' lang='lat' dir='ltr'><strong>Hoc</strong></span> <span class='ocrx_word' id='word_1_12' title='bbox 272 375 371 438; x_wconf 90' lang='lat' dir='ltr'><strong>etiam</strong></span> <span class='ocrx_word' id='word_1_13' title='bbox 402 371 570 456; x_wconf 74' lang='lat' dir='ltr'><strong>singrrlare</strong></span> <span class='ocrx_word' id='word_1_14' title='bbox 604 369 717 433; x_wconf 82' lang='lat' dir='ltr'><strong>hahuit</strong></span> <span class='ocrx_word' id='word_1_15' title='bbox 749 371 803 434; x_wconf 89' lang='lat' dir='ltr'><strong>hio</strong></span> <span class='ocrx_word' id='word_1_16' title='bbox 830 368 865 432; x_wconf 87' lang='lat' dir='ltr'><strong>S.</strong></span> <span class='ocrx_word' id='word_1_17' title='bbox 888 370 1057 454; x_wconf 81' lang='lat' dir='ltr'><strong>Jacobus,</strong></span> <span class='ocrx_word' id='word_1_18' title='bbox 1091 367 1206 453; x_wconf 87' lang='lat' dir='ltr'><strong>quod</strong></span> <span class='ocrx_word' id='word_1_19' title='bbox 1275 402 1296 425; x_wconf 74' lang='grc' dir='ltr'><strong>ι.</strong></span> 
     </span>
     <span class='ocr_line' id='line_1_4' title="bbox 163 475 1228 558; baseline -0.014 -14"><span class='ocrx_word' id='word_1_20' title='bbox 163 481 301 544; x_wconf 87' lang='lat' dir='ltr'><strong>Domino</strong></span> <span class='ocrx_word' id='word_1_21' title='bbox 332 479 393 544; x_wconf 80' lang='lat' dir='ltr'><strong>fuit</strong></span> <span class='ocrx_word' id='word_1_22' title='bbox 425 476 628 557; x_wconf 87' lang='lat' dir='ltr'><strong>simillimus,</strong></span> <span class='ocrx_word' id='word_1_23' title='bbox 661 475 743 539; x_wconf 85' lang='lat' dir='ltr'><strong>adeo</strong></span> <span class='ocrx_word' id='word_1_24' title='bbox 769 482 807 537; x_wconf 88' lang='lat' dir='ltr'><strong>ut</strong></span> <span class='ocrx_word' id='word_1_25' title='bbox 833 475 981 558; x_wconf 76' lang='lat' dir='ltr'><strong>plerique</strong></span> <span class='ocrx_word' id='word_1_26' title='bbox 1012 476 1049 537; x_wconf 90' lang='lat' dir='ltr'><strong>iu</strong></span> <span class='ocrx_word' id='word_1_27' title='bbox 1088 494 1228 538; x_wconf 88' lang='lat' dir='ltr'><strong>eorum</strong></span> 
     </span>
     <span class='ocr_line' id='line_1_5' title="bbox 164 579 1297 664; baseline -0.009 -14"><span class='ocrx_word' id='word_1_28' title='bbox 164 585 361 650; x_wconf 89' lang='lat' dir='ltr'><strong>fallerentur.</strong></span> <span class='ocrx_word' id='word_1_29' title='bbox 404 582 499 648; x_wconf 88' lang='lat' dir='ltr'><strong>Unde</strong></span> <span class='ocrx_word' id='word_1_30' title='bbox 519 579 699 644; x_wconf 87' lang='lat' dir='ltr'><strong>secundum</strong></span> <span class='ocrx_word' id='word_1_31' title='bbox 725 581 832 644; x_wconf 87' lang='lat' dir='ltr'><strong>omnia</strong></span> <span class='ocrx_word' id='word_1_32' title='bbox 852 581 997 664; x_wconf 87' lang='lat' dir='ltr'><strong>corporis</strong></span> <span class='ocrx_word' id='word_1_33' title='bbox 1018 581 1297 663; x_wconf 54' lang='lat' dir='ltr'><strong>lineameutmet</strong></span> 
     </span>
     <span class='ocr_line' id='line_1_6' title="bbox 164 685 1265 769; baseline -0.007 -14"><span class='ocrx_word' id='word_1_34' title='bbox 164 690 260 757; x_wconf 88' lang='lat' dir='ltr'><strong>modo</strong></span> <span class='ocrx_word' id='word_1_35' title='bbox 282 687 515 769; x_wconf 87' lang='lat' dir='ltr'><strong>conversandi,</strong></span> <span class='ocrx_word' id='word_1_36' title='bbox 546 689 580 747; x_wconf 91' lang='lat' dir='ltr'><strong>in</strong></span> <span class='ocrx_word' id='word_1_37' title='bbox 601 689 671 748; x_wconf 92' lang='lat' dir='ltr'><strong>vita</strong></span> <span class='ocrx_word' id='word_1_38' title='bbox 692 689 780 749; x_wconf 87' lang='lat' dir='ltr'><strong>etin</strong></span> <span class='ocrx_word' id='word_1_39' title='bbox 810 686 910 768; x_wconf 84' lang='lat' dir='ltr'><strong>facie,</strong></span> <span class='ocrx_word' id='word_1_40' title='bbox 939 687 985 749; x_wconf 90' lang='lat' dir='ltr'><strong>ita</strong></span> <span class='ocrx_word' id='word_1_41' title='bbox 1006 685 1138 748; x_wconf 87' lang='lat' dir='ltr'><strong>similis</strong></span> <span class='ocrx_word' id='word_1_42' title='bbox 1173 685 1265 749; x_wconf 88' lang='lat' dir='ltr'><strong>Jesu</strong></span> 
     </span>
    </p>

    <p class='ocr_par' dir='ltr' id='par_1_3' title="bbox 164 789 1289 976">
     <span class='ocr_line' id='line_1_7' title="bbox 164 789 1289 878; baseline -0.013 -18"><span class='ocrx_word' id='word_1_43' title='bbox 164 815 204 860; x_wconf 89' lang='lat' dir='ltr'><strong>ac</strong></span> <span class='ocrx_word' id='word_1_44' title='bbox 229 798 258 858; x_wconf 88' lang='lat' dir='ltr'><strong>si</strong></span> <span class='ocrx_word' id='word_1_45' title='bbox 281 793 426 878; x_wconf 85' lang='lat' dir='ltr'><strong>ejusdem</strong></span> <span class='ocrx_word' id='word_1_46' title='bbox 449 793 532 856; x_wconf 93' lang='lat' dir='ltr'><strong>uteri</strong></span> <span class='ocrx_word' id='word_1_47' title='bbox 554 791 654 853; x_wconf 88' lang='lat' dir='ltr'><strong>irater</strong></span> <span class='ocrx_word' id='word_1_48' title='bbox 683 798 773 853; x_wconf 89' lang='lat' dir='ltr'><strong>esset</strong></span> <span class='ocrx_word' id='word_1_49' title='bbox 806 790 971 872; x_wconf 82' lang='lat' dir='ltr'><strong>gemellus.</strong></span> <span class='ocrx_word' id='word_1_50' title='bbox 1019 789 1253 873; x_wconf 78' lang='lat' dir='ltr'><strong>Quapropter</strong></span> <span class='ocrx_word' id='word_1_51' title='bbox 1287 824 1289 843; x_wconf 83' lang='lat'><em>.</em></span> 
     </span>
     <span class='ocr_line' id='line_1_8' title="bbox 165 893 1275 976; baseline -0.01 -9"><span class='ocrx_word' id='word_1_52' title='bbox 165 901 296 968; x_wconf 82' lang='lat' dir='ltr'><strong>Domini</strong></span> <span class='ocrx_word' id='word_1_53' title='bbox 338 896 563 963; x_wconf 87' lang='lat' dir='ltr'><strong>ascensionem</strong></span> <span class='ocrx_word' id='word_1_54' title='bbox 608 894 699 958; x_wconf 89' lang='lat' dir='ltr'><strong>multi</strong></span> <span class='ocrx_word' id='word_1_55' title='bbox 742 893 979 976; x_wconf 86' lang='lat' dir='ltr'><strong>Jerosolymam</strong></span> <span class='ocrx_word' id='word_1_56' title='bbox 1019 895 1275 974; x_wconf 86' lang='lat' dir='ltr'><strong>ascenderunt,</strong></span> 
     </span>
    </p>

    <p class='ocr_par' dir='ltr' id='par_1_4' title="bbox 166 997 1297 1086">
     <span class='ocr_line' id='line_1_9' title="bbox 166 997 1260 1086; baseline -0.01 -15"><span class='ocrx_word' id='word_1_57' title='bbox 166 1005 305 1071; x_wconf 88' lang='lat' dir='ltr'><strong>diversis</strong></span> <span class='ocrx_word' id='word_1_58' title='bbox 324 1003 433 1069; x_wconf 87' lang='lat' dir='ltr'><strong>mundi</strong></span> <span class='ocrx_word' id='word_1_59' title='bbox 453 1003 609 1086; x_wconf 88' lang='lat' dir='ltr'><strong>partibus,</strong></span> <span class='ocrx_word' id='word_1_60' title='bbox 632 1009 668 1063; x_wconf 92' lang='lat' dir='ltr'><strong>ut</strong></span> <span class='ocrx_word' id='word_1_61' title='bbox 690 999 864 1063; x_wconf 85' lang='lat' dir='ltr'><strong>Dominum</strong></span> <span class='ocrx_word' id='word_1_62' title='bbox 875 998 990 1062; x_wconf 74' lang='lat' dir='ltr'><strong>lesum</strong></span> <span class='ocrx_word' id='word_1_63' title='bbox 1012 997 1198 1064; x_wconf 83' lang='lat' dir='ltr'><strong>inJaeobi</strong></span> <span class='ocrx_word' id='word_1_64' title='bbox 1220 1019 1260 1083; x_wconf 86' lang='lat' dir='ltr'><strong>pe</strong></span> 
     </span>
    </p>
   </div>
   <div class='ocr_carea' id='block_1_3' title="bbox 164 1105 1303 1405">
    <p class='ocr_par' dir='ltr' id='par_1_5' title="bbox 164 1105 1303 1405">
     <span class='ocr_line' id='line_1_10' title="bbox 166 1105 1303 1194; baseline -0.01 -18"><span class='ocrx_word' id='word_1_65' title='bbox 166 1112 324 1176; x_wconf 88' lang='lat' dir='ltr'><strong>viderent.</strong></span> <span class='ocrx_word' id='word_1_66' title='bbox 367 1112 455 1172; x_wconf 89' lang='lat' dir='ltr'><strong>Inter</strong></span> <span class='ocrx_word' id='word_1_67' title='bbox 489 1123 572 1194; x_wconf 91' lang='lat' dir='ltr'><strong>quos</strong></span> <span class='ocrx_word' id='word_1_68' title='bbox 593 1123 678 1168; x_wconf 89' lang='lat' dir='ltr'><strong>unus</strong></span> <span class='ocrx_word' id='word_1_69' title='bbox 712 1105 774 1167; x_wconf 90' lang='lat' dir='ltr'><strong>fuit</strong></span> <span class='ocrx_word' id='word_1_70' title='bbox 810 1106 955 1188; x_wconf 83' lang='lat' dir='ltr'><strong>ignatius</strong></span> <span class='ocrx_word' id='word_1_71' title='bbox 994 1113 1149 1189; x_wconf 80' lang='lat' dir='ltr'><strong>martyr,</strong></span> <span class='ocrx_word' id='word_1_72' title='bbox 1178 1115 1215 1169; x_wconf 91' lang='lat' dir='ltr'><strong>et</strong></span> <span class='ocrx_word' id='word_1_73' title='bbox 1235 1105 1303 1166; x_wconf 86' lang='lat' dir='ltr'><strong>Pani</strong></span> 
     </span>
     <span class='ocr_line' id='line_1_11' title="bbox 165 1209 1303 1300; baseline -0.005 -20"><span class='ocrx_word' id='word_1_74' title='bbox 165 1214 362 1300; x_wconf 81' lang='lat' dir='ltr'><strong>Apostolus,</strong></span> <span class='ocrx_word' id='word_1_75' title='bbox 395 1213 500 1278; x_wconf 88' lang='lat' dir='ltr'><strong>Galat.</strong></span> <span class='ocrx_word' id='word_1_76' title='bbox 534 1213 563 1276; x_wconf 89' lang='lat'><strong>1.</strong></span> <span class='ocrx_word' id='word_1_77' title='bbox 607 1209 686 1273; x_wconf 87' lang='lat' dir='ltr'><strong>ldeo</strong></span> <span class='ocrx_word' id='word_1_78' title='bbox 713 1210 813 1273; x_wconf 88' lang='lat' dir='ltr'><strong>frater</strong></span> <span class='ocrx_word' id='word_1_79' title='bbox 832 1209 962 1273; x_wconf 88' lang='lat' dir='ltr'><strong>Domini</strong></span> <span class='ocrx_word' id='word_1_80' title='bbox 983 1219 1035 1272; x_wconf 89' lang='lat' dir='ltr'><strong>est</strong></span> <span class='ocrx_word' id='word_1_81' title='bbox 1065 1209 1268 1294; x_wconf 88' lang='lat' dir='ltr'><strong>appellatus</strong></span> <span class='ocrx_word' id='word_1_82' title='bbox 1302 1245 1303 1252; x_wconf 21' lang='grc' dir='ltr'><strong>κ</strong></span> 
     </span>
     <span class='ocr_line' id='line_1_12' title="bbox 164 1311 1228 1405; baseline -0.007 -21"><span class='ocrx_word' id='word_1_83' title='bbox 164 1321 221 1386; x_wconf 84' lang='lat' dir='ltr'><strong>illo</strong></span> <span class='ocrx_word' id='word_1_84' title='bbox 244 1339 322 1405; x_wconf 83' lang='lat' dir='ltr'><strong>ergo</strong></span> <span class='ocrx_word' id='word_1_85' title='bbox 341 1319 412 1383; x_wconf 86' lang='lat' dir='ltr'><strong>loeo</strong></span> <span class='ocrx_word' id='word_1_86' title='bbox 432 1317 612 1401; x_wconf 88' lang='lat' dir='ltr'><strong>oravimus,</strong></span> <span class='ocrx_word' id='word_1_87' title='bbox 636 1324 669 1378; x_wconf 88' lang='lat' dir='ltr'><strong>et</strong></span> <span class='ocrx_word' id='word_1_88' title='bbox 691 1311 909 1398; x_wconf 85' lang='lat' dir='ltr'><strong>indulgentias</strong></span> <span class='ocrx_word' id='word_1_89' title='bbox 932 1316 1123 1398; x_wconf 83' lang='lat' dir='ltr'><strong>recepimus</strong></span> <span class='ocrx_word' id='word_1_90' title='bbox 1152 1315 1228 1398; x_wconf 49' lang='grc' dir='ltr'><strong>(ἦ).</strong></span> 
     </span>
    </p>
   </div>
   <div class='ocr_carea' id='block_1_4' title="bbox 167 1563 1302 2689">
    <p class='ocr_par' dir='ltr' id='par_1_6' title="bbox 256 1563 1250 1667">
     <span class='ocr_line' id='line_1_13' title="bbox 256 1563 1250 1667; baseline 0 -27"><span class='ocrx_word' id='word_1_91' title='bbox 256 1565 316 1642; x_wconf 89' lang='lat' dir='ltr'><strong>De</strong></span> <span class='ocrx_word' id='word_1_92' title='bbox 340 1563 436 1658; x_wconf 89' lang='lat' dir='ltr'><strong>loeo,</strong></span> <span class='ocrx_word' id='word_1_93' title='bbox 459 1565 496 1640; x_wconf 91' lang='lat' dir='ltr'><strong>in</strong></span> <span class='ocrx_word' id='word_1_94' title='bbox 519 1587 590 1667; x_wconf 88' lang='lat' dir='ltr'><strong>qno</strong></span> <span class='ocrx_word' id='word_1_95' title='bbox 611 1563 697 1642; x_wconf 84' lang='lat' dir='ltr'><strong>Vll.</strong></span> <span class='ocrx_word' id='word_1_96' title='bbox 730 1563 873 1642; x_wconf 88' lang='lat' dir='ltr'><strong>diaconi</strong></span> <span class='ocrx_word' id='word_1_97' title='bbox 898 1566 1044 1646; x_wconf 83' lang='lat' dir='ltr'><strong>fuerunt</strong></span> <span class='ocrx_word' id='word_1_98' title='bbox 1070 1563 1198 1642; x_wconf 83' lang='lat' dir='ltr'><strong>electi</strong></span> <span class='ocrx_word' id='word_1_99' title='bbox 1219 1565 1250 1640; x_wconf 90' lang='lat' dir='ltr'><strong>in</strong></span> 
     </span>
    </p>

    <p class='ocr_par' dir='ltr' id='par_1_7' title="bbox 630 1684 878 1768">
     <span class='ocr_line' id='line_1_14' title="bbox 630 1684 878 1768; baseline -0.016 -2"><span class='ocrx_word' id='word_1_100' title='bbox 630 1684 878 1768; x_wconf 71' lang='lat' dir='ltr'><strong>ministerium.</strong></span> 
     </span>
    </p>

    <p class='ocr_par' dir='ltr' id='par_1_8' title="bbox 167 1867 1302 2689">
     <span class='ocr_line' id='line_1_15' title="bbox 252 1867 1299 1952; baseline -0.004 -20"><span class='ocrx_word' id='word_1_101' title='bbox 252 1867 369 1932; x_wconf 86' lang='lat' dir='ltr'><strong>Statim</strong></span> <span class='ocrx_word' id='word_1_102' title='bbox 392 1867 433 1932; x_wconf 89' lang='lat' dir='ltr'><strong>de</strong></span> <span class='ocrx_word' id='word_1_103' title='bbox 453 1876 529 1952; x_wconf 89' lang='lat' dir='ltr'><strong>post</strong></span> <span class='ocrx_word' id='word_1_104' title='bbox 544 1870 694 1932; x_wconf 90' lang='lat' dir='ltr'><strong>venimus</strong></span> <span class='ocrx_word' id='word_1_105' title='bbox 715 1871 749 1933; x_wconf 91' lang='lat' dir='ltr'><strong>in</strong></span> <span class='ocrx_word' id='word_1_106' title='bbox 770 1869 892 1950; x_wconf 90' lang='lat' dir='ltr'><strong>locum,</strong></span> <span class='ocrx_word' id='word_1_107' title='bbox 914 1869 970 1951; x_wconf 89' lang='lat' dir='ltr'><strong>qui</strong></span> <span class='ocrx_word' id='word_1_108' title='bbox 990 1872 1177 1932; x_wconf 86' lang='lat' dir='ltr'><strong>cousuevit</strong></span> <span class='ocrx_word' id='word_1_109' title='bbox 1200 1869 1299 1932; x_wconf 79' lang='lat' dir='ltr'><strong>houna·</strong></span> 
     </span>
     <span class='ocr_line' id='line_1_16' title="bbox 168 1973 1300 2058; baseline -0.004 -23"><span class='ocrx_word' id='word_1_110' title='bbox 168 1981 298 2058; x_wconf 91' lang='lat' dir='ltr'><strong>propter</strong></span> <span class='ocrx_word' id='word_1_111' title='bbox 333 1973 525 2036; x_wconf 86' lang='lat' dir='ltr'><strong>electionem</strong></span> <span class='ocrx_word' id='word_1_112' title='bbox 562 1973 636 2036; x_wconf 89' lang='lat' dir='ltr'><strong>Vll.</strong></span> <span class='ocrx_word' id='word_1_113' title='bbox 677 1974 901 2055; x_wconf 87' lang='lat' dir='ltr'><strong>diaconorum,</strong></span> <span class='ocrx_word' id='word_1_114' title='bbox 939 1982 971 2036; x_wconf 89' lang='lat' dir='ltr'><strong>et</strong></span> <span class='ocrx_word' id='word_1_115' title='bbox 1006 1973 1049 2036; x_wconf 88' lang='lat' dir='ltr'><strong>de</strong></span> <span class='ocrx_word' id='word_1_116' title='bbox 1084 1993 1158 2058; x_wconf 88' lang='lat' dir='ltr'><strong>qua</strong></span> <span class='ocrx_word' id='word_1_117' title='bbox 1189 1973 1300 2036; x_wconf 77' lang='lat' dir='ltr'><strong>electior</strong></span> 
     </span>
     <span class='ocr_line' id='line_1_17' title="bbox 167 2077 1301 2160; baseline 0.001 -20"><span class='ocrx_word' id='word_1_118' title='bbox 167 2079 304 2140; x_wconf 88' lang='lat' dir='ltr'><strong>habetur</strong></span> <span class='ocrx_word' id='word_1_119' title='bbox 333 2077 474 2140; x_wconf 81' lang='lat' dir='ltr'><strong>Actuum</strong></span> <span class='ocrx_word' id='word_1_120' title='bbox 506 2077 537 2140; x_wconf 87' lang='grc'><strong>6.</strong></span> <span class='ocrx_word' id='word_1_121' title='bbox 589 2077 675 2140; x_wconf 90' lang='lat' dir='ltr'><strong>Nam</strong></span> <span class='ocrx_word' id='word_1_122' title='bbox 710 2089 879 2142; x_wconf 77' lang='lat' dir='ltr'><strong>crescente</strong></span> <span class='ocrx_word' id='word_1_123' title='bbox 909 2098 1044 2141; x_wconf 88' lang='lat' dir='ltr'><strong>numero</strong></span> <span class='ocrx_word' id='word_1_124' title='bbox 1087 2079 1238 2142; x_wconf 89' lang='lat' dir='ltr'><strong>fidelium</strong></span> <span class='ocrx_word' id='word_1_125' title='bbox 1263 2093 1301 2160; x_wconf 79' lang='lat' dir='ltr'><strong>pa‘</strong></span> 
     </span>
     <span class='ocr_line' id='line_1_18' title="bbox 168 2181 1301 2268; baseline -0.002 -22"><span class='ocrx_word' id='word_1_126' title='bbox 168 2181 308 2266; x_wconf 85' lang='lat' dir='ltr'><strong>Spiritus</strong></span> <span class='ocrx_word' id='word_1_127' title='bbox 330 2181 443 2246; x_wconf 84' lang='lat' dir='ltr'><strong>Sancti</strong></span> <span class='ocrx_word' id='word_1_128' title='bbox 470 2185 658 2248; x_wconf 89' lang='lat' dir='ltr'><strong>missionem</strong></span> <span class='ocrx_word' id='word_1_129' title='bbox 700 2193 808 2248; x_wconf 71' lang='lat' dir='ltr'><strong>ortum‘</strong></span> <span class='ocrx_word' id='word_1_130' title='bbox 835 2193 888 2248; x_wconf 86' lang='lat' dir='ltr'><strong>est</strong></span> <span class='ocrx_word' id='word_1_131' title='bbox 909 2202 1050 2250; x_wconf 85' lang='lat' dir='ltr'><strong>murmur</strong></span> <span class='ocrx_word' id='word_1_132' title='bbox 1081 2194 1223 2268; x_wconf 90' lang='lat' dir='ltr'><strong>propter</strong></span> <span class='ocrx_word' id='word_1_133' title='bbox 1247 2183 1301 2244; x_wconf 73' lang='lat' dir='ltr'><strong>nini</strong></span> 
     </span>
     <span class='ocr_line' id='line_1_19' title="bbox 170 2287 1301 2373; baseline -0.004 -23"><span class='ocrx_word' id='word_1_134' title='bbox 170 2290 373 2372; x_wconf 86' lang='lat' dir='ltr'><strong>strationem,</strong></span> <span class='ocrx_word' id='word_1_135' title='bbox 405 2287 535 2372; x_wconf 91' lang='lat' dir='ltr'><strong>quidam</strong></span> <span class='ocrx_word' id='word_1_136' title='bbox 572 2289 667 2352; x_wconf 89' lang='lat' dir='ltr'><strong>nimis</strong></span> <span class='ocrx_word' id='word_1_137' title='bbox 702 2293 940 2373; x_wconf 84' lang='lat' dir='ltr'><strong>gravabantur,</strong></span> <span class='ocrx_word' id='word_1_138' title='bbox 976 2291 1031 2352; x_wconf 86' lang='lat' dir='ltr'><strong>alii</strong></span> <span class='ocrx_word' id='word_1_139' title='bbox 1061 2287 1301 2372; x_wconf 39' lang='lat' dir='ltr'><strong>despiciebantur</strong></span> 
     </span>
     <span class='ocr_line' id='line_1_20' title="bbox 172 2391 1300 2478; baseline -0.004 -22"><span class='ocrx_word' id='word_1_140' title='bbox 172 2391 377 2477; x_wconf 84' lang='lat' dir='ltr'><strong>Quapropter</strong></span> <span class='ocrx_word' id='word_1_141' title='bbox 409 2393 577 2476; x_wconf 84' lang='lat' dir='ltr'><strong>elegerunt</strong></span> <span class='ocrx_word' id='word_1_142' title='bbox 603 2402 728 2476; x_wconf 89' lang='lat' dir='ltr'><strong>septem</strong></span> <span class='ocrx_word' id='word_1_143' title='bbox 756 2397 846 2459; x_wconf 92' lang='lat' dir='ltr'><strong>viros</strong></span> <span class='ocrx_word' id='word_1_144' title='bbox 873 2395 958 2476; x_wconf 87' lang='lat' dir='ltr'><strong>vita,</strong></span> <span class='ocrx_word' id='word_1_145' title='bbox 994 2395 1143 2457; x_wconf 88' lang='lat' dir='ltr'><strong>moribus</strong></span> <span class='ocrx_word' id='word_1_146' title='bbox 1173 2405 1208 2457; x_wconf 88' lang='lat' dir='ltr'><strong>et</strong></span> <span class='ocrx_word' id='word_1_147' title='bbox 1238 2395 1300 2478; x_wconf 75' lang='lat' dir='ltr'><strong>grati</strong></span> 
     </span>
     <span class='ocr_line' id='line_1_21' title="bbox 170 2499 1302 2584; baseline -0.004 -24"><span class='ocrx_word' id='word_1_148' title='bbox 170 2499 340 2582; x_wconf 90' lang='lat' dir='ltr'><strong>probatos,</strong></span> <span class='ocrx_word' id='word_1_149' title='bbox 374 2517 457 2582; x_wconf 91' lang='lat' dir='ltr'><strong>quos</strong></span> <span class='ocrx_word' id='word_1_150' title='bbox 488 2500 668 2564; x_wconf 88' lang='lat' dir='ltr'><strong>ministerio</strong></span> <span class='ocrx_word' id='word_1_151' title='bbox 701 2499 936 2582; x_wconf 87' lang='lat' dir='ltr'><strong>praefecerunt.</strong></span> <span class='ocrx_word' id='word_1_152' title='bbox 979 2501 1066 2582; x_wconf 91' lang='lat' dir='ltr'><strong>luter</strong></span> <span class='ocrx_word' id='word_1_153' title='bbox 1097 2518 1186 2584; x_wconf 89' lang='lat' dir='ltr'><strong>quos</strong></span> <span class='ocrx_word' id='word_1_154' title='bbox 1209 2500 1241 2563; x_wconf 87' lang='lat' dir='ltr'><strong>S.</strong></span> <span class='ocrx_word' id='word_1_155' title='bbox 1259 2499 1302 2560; x_wconf 76' lang='lat' dir='ltr'><strong>Sta</strong></span> 
     </span>
     <span class='ocr_line' id='line_1_22' title="bbox 170 2603 1301 2689; baseline -0.004 -23"><span class='ocrx_word' id='word_1_156' title='bbox 170 2603 296 2686; x_wconf 89' lang='lat' dir='ltr'><strong>phanns</strong></span> <span class='ocrx_word' id='word_1_157' title='bbox 319 2603 379 2666; x_wconf 90' lang='lat' dir='ltr'><strong>fuit</strong></span> <span class='ocrx_word' id='word_1_158' title='bbox 406 2605 624 2688; x_wconf 84' lang='lat' dir='ltr'><strong>primicerius,</strong></span> <span class='ocrx_word' id='word_1_159' title='bbox 655 2604 772 2688; x_wconf 91' lang='lat' dir='ltr'><strong>plenus</strong></span> <span class='ocrx_word' id='word_1_160' title='bbox 803 2608 910 2689; x_wconf 81' lang='lat' dir='ltr'><strong>gratia</strong></span> <span class='ocrx_word' id='word_1_161' title='bbox 931 2611 963 2668; x_wconf 88' lang='lat' dir='ltr'><strong>et</strong></span> <span class='ocrx_word' id='word_1_162' title='bbox 985 2603 1180 2668; x_wconf 86' lang='lat' dir='ltr'><strong>fortitudine</strong></span> <span class='ocrx_word' id='word_1_163' title='bbox 1201 2614 1255 2668; x_wconf 85' lang='lat' dir='ltr'><strong>etc.</strong></span> <span class='ocrx_word' id='word_1_164' title='bbox 1285 2603 1301 2662; x_wconf 86' lang='lat' dir='ltr'><strong>n</strong></span> 
     </span>
    </p>
   </div>
   <div class='ocr_carea' id='block_1_5' title="bbox 171 2706 1301 2898">
    <p class='ocr_par' dir='ltr' id='par_1_9' title="bbox 171 2706 1301 2898">
     <span class='ocr_line' id='line_1_23' title="bbox 171 2706 1301 2798; baseline 0.001 -28"><span class='ocrx_word' id='word_1_165' title='bbox 171 2710 234 2770; x_wconf 87' lang='lat' dir='ltr'><strong>hoc</strong></span> <span class='ocrx_word' id='word_1_166' title='bbox 255 2725 332 2788; x_wconf 86' lang='lat' dir='ltr'><strong>ergo</strong></span> <span class='ocrx_word' id='word_1_167' title='bbox 366 2707 438 2771; x_wconf 88' lang='lat' dir='ltr'><strong>loeo</strong></span> <span class='ocrx_word' id='word_1_168' title='bbox 469 2710 666 2773; x_wconf 87' lang='lat' dir='ltr'><strong>orationihus</strong></span> <span class='ocrx_word' id='word_1_169' title='bbox 696 2713 907 2798; x_wconf 82' lang='lat' dir='ltr'><strong>praescriptis</strong></span> <span class='ocrx_word' id='word_1_170' title='bbox 939 2706 1035 2780; x_wconf 86' lang='lat' dir='ltr'><strong>dictis</strong></span> <span class='ocrx_word' id='word_1_171' title='bbox 1066 2718 1100 2773; x_wconf 90' lang='lat' dir='ltr'><strong>et</strong></span> <span class='ocrx_word' id='word_1_172' title='bbox 1130 2709 1301 2794; x_wconf 77' lang='lat' dir='ltr'><strong>indulgentie</strong></span> 
     </span>
     <span class='ocr_line' id='line_1_24' title="bbox 173 2811 767 2898; baseline 0.002 -23"><span class='ocrx_word' id='word_1_173' title='bbox 173 2811 334 2896; x_wconf 87' lang='lat' dir='ltr'><strong>susceptis</strong></span> <span class='ocrx_word' id='word_1_174' title='bbox 355 2812 469 2878; x_wconf 86' lang='lat' dir='ltr'><strong>Deum</strong></span> <span class='ocrx_word' id='word_1_175' title='bbox 482 2814 686 2879; x_wconf 83' lang='lat' dir='ltr'><strong>laudavimus</strong></span> <span class='ocrx_word' id='word_1_176' title='bbox 707 2814 767 2898; x_wconf 65' lang='lat' dir='ltr'><strong>st)</strong></span> 
     </span>
    </p>
   </div>
   <div class='ocr_carea' id='block_1_6' title="bbox 174 3059 1301 3307">
    <p class='ocr_par' dir='ltr' id='par_1_10' title="bbox 174 3059 1301 3307">
     <span class='ocr_line' id='line_1_25' title="bbox 174 3059 1301 3167; baseline -0.001 -29"><span class='ocrx_word' id='word_1_177' title='bbox 174 3063 234 3140; x_wconf 89' lang='lat' dir='ltr'><strong>De</strong></span> <span class='ocrx_word' id='word_1_178' title='bbox 261 3061 366 3159; x_wconf 83' lang='lat' dir='ltr'><strong>loco,</strong></span> <span class='ocrx_word' id='word_1_179' title='bbox 391 3063 428 3140; x_wconf 91' lang='lat' dir='ltr'><strong>in</strong></span> <span class='ocrx_word' id='word_1_180' title='bbox 457 3086 528 3164; x_wconf 87' lang='lat' dir='ltr'><strong>quo</strong></span> <span class='ocrx_word' id='word_1_181' title='bbox 557 3064 732 3167; x_wconf 83' lang='lat' dir='ltr'><strong>Apostoli</strong></span> <span class='ocrx_word' id='word_1_182' title='bbox 758 3066 992 3142; x_wconf 82' lang='lat' dir='ltr'><strong>confecerunt</strong></span> <span class='ocrx_word' id='word_1_183' title='bbox 1025 3061 1228 3165; x_wconf 85' lang='lat' dir='ltr'><strong>symbolum</strong></span> <span class='ocrx_word' id='word_1_184' title='bbox 1247 3059 1301 3140; x_wconf 78' lang='lat' dir='ltr'><strong>lide</strong></span> 
     </span>
     <span class='ocr_line' id='line_1_26' title="bbox 465 3183 1034 3307; baseline 0.004 -45"><span class='ocrx_word' id='word_1_185' title='bbox 465 3183 685 3262; x_wconf 73' lang='lat' dir='ltr'><strong>christianae</strong></span> <span class='ocrx_word' id='word_1_186' title='bbox 706 3185 743 3261; x_wconf 90' lang='lat' dir='ltr'><strong>in</strong></span> <span class='ocrx_word' id='word_1_187' title='bbox 766 3185 837 3260; x_wconf 91' lang='lat' dir='ltr'><strong>Xll</strong></span> <span class='ocrx_word' id='word_1_188' title='bbox 860 3183 1034 3307; x_wconf 73' lang='lat' dir='ltr'><strong>articulis</strong></span> 
     </span>
    </p>
   </div>
   <div class='ocr_carea' id='block_1_7' title="bbox 137 3366 1300 4079">
    <p class='ocr_par' dir='ltr' id='par_1_11' title="bbox 137 3366 1300 4079">
     <span class='ocr_line' id='line_1_27' title="bbox 254 3366 1300 3450; baseline -0.004 -21"><span class='ocrx_word' id='word_1_189' title='bbox 254 3366 352 3431; x_wconf 85' lang='lat' dir='ltr'><strong>Circa</strong></span> <span class='ocrx_word' id='word_1_190' title='bbox 374 3367 507 3434; x_wconf 83' lang='lat' dir='ltr'><strong>eandem</strong></span> <span class='ocrx_word' id='word_1_191' title='bbox 530 3367 761 3431; x_wconf 84' lang='lat' dir='ltr'><strong>conferentiam</strong></span> <span class='ocrx_word' id='word_1_192' title='bbox 782 3367 874 3431; x_wconf 84' lang='lat' dir='ltr'><strong>locus</strong></span> <span class='ocrx_word' id='word_1_193' title='bbox 897 3385 971 3432; x_wconf 90' lang='lat' dir='ltr'><strong>esse</strong></span> <span class='ocrx_word' id='word_1_194' title='bbox 992 3366 1190 3448; x_wconf 87' lang='lat' dir='ltr'><strong>aestimatur,</strong></span> <span class='ocrx_word' id='word_1_195' title='bbox 1214 3367 1245 3429; x_wconf 90' lang='lat' dir='ltr'><strong>iu</strong></span> <span class='ocrx_word' id='word_1_196' title='bbox 1260 3383 1300 3450; x_wconf 80' lang='lat' dir='ltr'><strong>qn</strong></span> 
     </span>
     <span class='ocr_line' id='line_1_28' title="bbox 137 3468 1299 3558; baseline -0.004 -26"><span class='ocrx_word' id='word_1_197' title='bbox 137 3468 145 3482; x_wconf 77' lang='lat'><strong><em>⁴</em></strong></span> <span class='ocrx_word' id='word_1_198' title='bbox 172 3470 322 3554; x_wconf 84' lang='lat' dir='ltr'><strong>Apostoli</strong></span> <span class='ocrx_word' id='word_1_199' title='bbox 342 3482 417 3554; x_wconf 90' lang='lat' dir='ltr'><strong>post</strong></span> <span class='ocrx_word' id='word_1_200' title='bbox 437 3473 577 3556; x_wconf 88' lang='lat' dir='ltr'><strong>Spiritus</strong></span> <span class='ocrx_word' id='word_1_201' title='bbox 600 3472 713 3541; x_wconf 83' lang='lat' dir='ltr'><strong>Sancti</strong></span> <span class='ocrx_word' id='word_1_202' title='bbox 737 3473 924 3540; x_wconf 84' lang='lat' dir='ltr'><strong>missionem</strong></span> <span class='ocrx_word' id='word_1_203' title='bbox 962 3479 1153 3558; x_wconf 82' lang='lat' dir='ltr'><strong>congregato</strong></span> <span class='ocrx_word' id='word_1_204' title='bbox 1191 3469 1299 3534; x_wconf 76' lang='lat' dir='ltr'><strong>concilo</strong></span> 
     </span>
     <span class='ocr_line' id='line_1_29' title="bbox 171 3575 1298 3660; baseline -0.001 -23"><span class='ocrx_word' id='word_1_205' title='bbox 171 3594 265 3639; x_wconf 91' lang='lat' dir='ltr'><strong>sacro</strong></span> <span class='ocrx_word' id='word_1_206' title='bbox 294 3575 494 3643; x_wconf 86' lang='lat' dir='ltr'><strong>tradiderunt</strong></span> <span class='ocrx_word' id='word_1_207' title='bbox 525 3579 683 3642; x_wconf 88' lang='lat' dir='ltr'><strong>ecclesiae</strong></span> <span class='ocrx_word' id='word_1_208' title='bbox 705 3580 769 3644; x_wconf 82' lang='lat' dir='ltr'><strong>llll</strong></span> <span class='ocrx_word' id='word_1_209' title='bbox 800 3577 953 3644; x_wconf 88' lang='lat' dir='ltr'><strong>articulos</strong></span> <span class='ocrx_word' id='word_1_210' title='bbox 981 3577 1072 3660; x_wconf 85' lang='lat' dir='ltr'><strong>fidei,</strong></span> <span class='ocrx_word' id='word_1_211' title='bbox 1109 3593 1184 3660; x_wconf 88' lang='lat' dir='ltr'><strong>quos</strong></span> <span class='ocrx_word' id='word_1_212' title='bbox 1212 3575 1298 3639; x_wconf 82' lang='lat' dir='ltr'><strong>ocule·</strong></span> 
     </span>
     <span class='ocr_line' id='line_1_30' title="bbox 171 3677 1297 3767; baseline -0.002 -25"><span class='ocrx_word' id='word_1_213' title='bbox 171 3686 299 3765; x_wconf 84' lang='lat' dir='ltr'><strong>cenant,</strong></span> <span class='ocrx_word' id='word_1_214' title='bbox 343 3682 586 3766; x_wconf 84' lang='lat' dir='ltr'><strong>praedicandos.</strong></span> <span class='ocrx_word' id='word_1_215' title='bbox 640 3686 679 3746; x_wconf 91' lang='lat' dir='ltr'><strong>In</strong></span> <span class='ocrx_word' id='word_1_216' title='bbox 710 3703 845 3767; x_wconf 88' lang='lat' dir='ltr'><strong>quorum</strong></span> <span class='ocrx_word' id='word_1_217' title='bbox 886 3677 1092 3748; x_wconf 74' lang='lat' dir='ltr'><strong>articulorum</strong></span> <span class='ocrx_word' id='word_1_218' title='bbox 1124 3679 1182 3744; x_wconf 87' lang='lat' dir='ltr'><strong>fide</strong></span> <span class='ocrx_word' id='word_1_219' title='bbox 1212 3696 1297 3745; x_wconf 82' lang='lat' dir='ltr'><strong>omne</strong></span> 
     </span>
     <span class='ocr_line' id='line_1_31' title="bbox 170 3783 1296 3874; baseline -0.003 -26"><span class='ocrx_word' id='word_1_220' title='bbox 170 3783 345 3869; x_wconf 86' lang='lat' dir='ltr'><strong>salvamur,</strong></span> <span class='ocrx_word' id='word_1_221' title='bbox 361 3793 395 3850; x_wconf 86' lang='lat' dir='ltr'><strong>et</strong></span> <span class='ocrx_word' id='word_1_222' title='bbox 412 3789 446 3851; x_wconf 91' lang='lat' dir='ltr'><strong>in</strong></span> <span class='ocrx_word' id='word_1_223' title='bbox 467 3788 530 3852; x_wconf 86' lang='lat' dir='ltr'><strong>Dei</strong></span> <span class='ocrx_word' id='word_1_224' title='bbox 551 3790 636 3853; x_wconf 86' lang='lat' dir='ltr'><strong>lilios</strong></span> <span class='ocrx_word' id='word_1_225' title='bbox 656 3789 855 3874; x_wconf 82' lang='lat' dir='ltr'><strong>adoptamur.</strong></span> <span class='ocrx_word' id='word_1_226' title='bbox 878 3789 1022 3874; x_wconf 80' lang='lat' dir='ltr'><strong>Magnae</strong></span> <span class='ocrx_word' id='word_1_227' title='bbox 1042 3805 1117 3870; x_wconf 83' lang='lat' dir='ltr'><strong>ergo</strong></span> <span class='ocrx_word' id='word_1_228' title='bbox 1131 3787 1296 3850; x_wconf 80' lang='lat' dir='ltr'><strong>reverentiae</strong></span> 
     </span>
     <span class='ocr_line' id='line_1_32' title="bbox 172 3887 1295 3976; baseline 0.005 -26"><span class='ocrx_word' id='word_1_229' title='bbox 172 3896 223 3950; x_wconf 88' lang='lat' dir='ltr'><strong>est</strong></span> <span class='ocrx_word' id='word_1_230' title='bbox 243 3887 335 3954; x_wconf 88' lang='lat' dir='ltr'><strong>loeus</strong></span> <span class='ocrx_word' id='word_1_231' title='bbox 364 3892 438 3955; x_wconf 87' lang='lat' dir='ltr'><strong>iste.</strong></span> <span class='ocrx_word' id='word_1_232' title='bbox 482 3894 520 3955; x_wconf 91' lang='lat' dir='ltr'><strong>In</strong></span> <span class='ocrx_word' id='word_1_233' title='bbox 543 3912 582 3958; x_wconf 90' lang='lat' dir='ltr'><strong>eo</strong></span> <span class='ocrx_word' id='word_1_234' title='bbox 611 3911 689 3976; x_wconf 83' lang='lat' dir='ltr'><strong>ergo</strong></span> <span class='ocrx_word' id='word_1_235' title='bbox 719 3893 815 3958; x_wconf 83' lang='lat' dir='ltr'><strong>fidem</strong></span> <span class='ocrx_word' id='word_1_236' title='bbox 846 3914 958 3960; x_wconf 90' lang='lat' dir='ltr'><strong>veram</strong></span> <span class='ocrx_word' id='word_1_237' title='bbox 990 3891 1131 3958; x_wconf 87' lang='lat' dir='ltr'><strong>confessi</strong></span> <span class='ocrx_word' id='word_1_238' title='bbox 1160 3901 1295 3960; x_wconf 74' lang='lat' dir='ltr'><strong>mutuant</strong></span> 
     </span>
     <span class='ocr_line' id='line_1_33' title="bbox 170 3993 1195 4079; baseline 0.002 -21"><span class='ocrx_word' id='word_1_239' title='bbox 170 3993 305 4074; x_wconf 88' lang='lat' dir='ltr'><strong>ulterius</strong></span> <span class='ocrx_word' id='word_1_240' title='bbox 329 3993 371 4059; x_wconf 88' lang='lat' dir='ltr'><strong>ad</strong></span> <span class='ocrx_word' id='word_1_241' title='bbox 389 3993 454 4060; x_wconf 89' lang='lat' dir='ltr'><strong>alia</strong></span> <span class='ocrx_word' id='word_1_242' title='bbox 475 3994 702 4062; x_wconf 82' lang='lat' dir='ltr'><strong>festinavimus</strong></span> <span class='ocrx_word' id='word_1_243' title='bbox 723 4008 784 4062; x_wconf 90' lang='lat' dir='ltr'><strong>etc.</strong></span> <span class='ocrx_word' id='word_1_244' title='bbox 807 3997 884 4064; x_wconf 85' lang='lat' dir='ltr'><strong>vide</strong></span> <span class='ocrx_word' id='word_1_245' title='bbox 905 3998 959 4064; x_wconf 91' lang='lat' dir='ltr'><strong>fol.</strong></span> <span class='ocrx_word' id='word_1_246' title='bbox 984 3999 1053 4068; x_wconf 73' lang='lat'>152.</span> <span class='ocrx_word' id='word_1_247' title='bbox 1076 3997 1114 4068; x_wconf 83' lang='lat' dir='ltr'><strong>B.</strong></span> <span class='ocrx_word' id='word_1_248' title='bbox 1134 3995 1195 4079; x_wconf 75' lang='lat' dir='ltr'><strong>st).</strong></span> 
     </span>
    </p>
   </div>
   <div class='ocr_carea' id='block_1_8' title="bbox 0 0 1312 4836">
    <p class='ocr_par' dir='ltr' id='par_1_12' title="bbox 0 0 1312 4836">
     <span class='ocr_line' id='line_1_34' title="bbox 0 0 1312 4836; baseline 0 0"><span class='ocrx_word' id='word_1_249' title='bbox 0 0 1312 4836; x_wconf 95' lang='lat' dir='ltr'><strong> </strong></span> 
     </span>
    </p>
   </div>
  </div>
 </body>
</html>
