2736 4768
14 331 20 376 l
94 337 233 402 iuferius
253 331 470 422 polistrelum,
492 337 596 406 idest
625 339 833 426 lunamque
851 341 1021 409 inferiores
1042 349 1264 416 extremitates

95 443 164 508 veli
184 453 345 525 tenentur,
363 443 563 507 inmanibus
571 454 732 514 tenerent:
753 456 972 512 eoeeaveutus
988 455 1264 535 repenteirrueus

94 548 567 633 importuuevelumdmfflevit,
585 560 617 613 et
635 552 835 635 palistrelum
847 551 889 616 de
900 555 1051 620 manibus
1063 557 1264 625 Galiotorum

96 657 430 741 omnimodamque
461 655 566 738 rapuit
588 665 621 718 et
641 656 749 739 ipsum
769 677 869 741 supra
895 660 1208 728 mati-summatem
1230 673 1264 728 et

95 783 197 848 supra
216 762 378 826 lrebaraiu
393 761 492 824 altum
508 761 633 830 evexit:
654 770 685 824 et
697 763 743 824 ita
754 763 936 847 importune
949 766 985 828 iu
1004 772 1080 835 aine
1097 770 1264 856 volitabat,

96 870 186 955 quod
208 877 349 932 antenus
369 877 406 930 ut
426 885 522 930 araus
543 866 773 933 inclinabatur:
805 878 838 932 et
859 871 931 952 ipse
944 871 1055 937 malus
1074 891 1213 957 grossus
1232 887 1266 940 et

94 992 237 1059 maginus
248 974 289 1038 de
300 973 410 1038 multis
422 974 520 1056 liguis
539 981 572 1034 et
583 972 749 1036 arboribus
758 974 854 1038 simul
866 975 989 1057 juuotis
997 978 1104 1042 laetus
1115 980 1265 1064 fragores

87 1099 236 1164 magnos
262 1079 375 1161 dabat,
405 1087 454 1142 ad
466 1080 496 1142 si
513 1078 582 1164 jam
610 1087 725 1161 ruptus
753 1080 923 1144 fuisset-et
945 1082 1066 1148 fractas
1091 1087 1128 1148 iu
1148 1086 1263 1152 medio.

95 1189 135 1252 lu
151 1201 228 1271 quo
258 1185 432 1252 murnum
467 1185 711 1266 expectabimus
724 1185 927 1269 perhulum,
949 1188 1026 1271 quia
1053 1191 1083 1252 si
1100 1193 1144 1255 iu
1176 1200 1265 1256 tanta

95 1300 292 1375 tempestate
312 1292 436 1354 fractus
456 1290 590 1372 fuisset,
622 1309 699 1354 mex
719 1291 856 1355 involuti
883 1294 977 1377 aquis
1003 1295 1163 1359 submersi
1191 1315 1265 1362 eum

97 1398 205 1464 uano
233 1399 419 1461 fuissemus.
468 1393 562 1458 Siout
594 1397 681 1458 euim
714 1397 787 1461 avis
807 1411 881 1461 nou
913 1407 1020 1488 potest
1051 1401 1163 1463 volare
1194 1401 1266 1469 ame
1306 1475 1313 1489 Ι

96 1505 214 1589 peuuis
240 1511 273 1566 et
295 1503 367 1584 alis,
389 1502 439 1564 sio
458 1501 657 1583 gravissima
678 1503 774 1568 navis
789 1517 854 1566 nau
876 1513 985 1587 potest
998 1505 1174 1588 procedere
1194 1507 1266 1571 siue

96 1610 198 1693 velis,
221 1628 305 1694 quae
330 1617 408 1670 suut
439 1616 567 1691 pennae
588 1607 660 1691 ejus
688 1615 721 1670 et
749 1607 831 1670 alae.
875 1607 952 1672 lko
984 1610 1112 1695 quando
1143 1611 1272 1676 Poetae

96 1716 272 1800 loquuntur
292 1714 334 1777 de
355 1715 448 1797 equis
472 1714 660 1799 alatis,stou
683 1711 770 1774 aliud
791 1711 917 1796 volunt,
935 1715 1118 1780 uis'nuaves
1136 1717 1266 1782 velatas

96 1819 245 1904 intelllgi.
288 1819 381 1882 Siout
413 1820 557 1884 Perseus
587 1818 679 1880 veuit
706 1817 748 1880 de
775 1815 915 1883 Graecia
933 1817 970 1883 in
992 1840 1076 1905 equo
1098 1822 1199 1905 alato,
1232 1831 1266 1884 et

97 1923 249 1988 liberavit
282 1923 522 1988 Andromedam
553 1924 595 1987 de
636 1923 770 2006 scopulo
802 1923 909 2006 Jeppe
934 1933 997 1988 eto.
1050 1925 1158 1992 Dabat
1187 1943 1265 2010 ergo

95 2030 204 2096 malus
225 2029 395 2094 horribiles
419 2022 539 2094 multus
557 2032 705 2113 fragores
726 2036 758 2090 et
768 2024 929 2091 antennae
951 2029 1113 2116 similiter-3
1143 2039 1177 2094 et
1197 2041 1265 2096 tota

98 2135 207 2201 Galba
237 2137 272 2198 in
304 2136 452 2201 orionibus
481 2135 644 2219 juncturis
671 2133 847 2198 ¹n'debatur
875 2133 1020 2198 dissolvi
1063 2139 1101 2203 h
1121 2138 1211 2200 uulla
1230 2157 1267 2200 re

97 2241 205 2326 magis
226 2240 357 2304 territus
379 2229 474 2308 ludin
493 2241 751 2325 tempestatibus,
766 2257 863 2322 quan
882 2241 917 2307 iu
937 2242 1066 2323 magnis
1085 2243 1266 2327 fragoribus

98 2347 205 2432 navis,
228 2346 345 2432 quiite
366 2346 538 2430 importuni
559 2350 646 2431 aaut,
666 2344 754 2430 quod
774 2346 869 2409 homo
894 2347 1043 2408 aestimat
1059 2345 1128 2428 jam
1148 2359 1266 2412 navem

99 2471 177 2517 esse
199 2453 235 2515 in
260 2451 369 2535 aliqua
395 2462 488 2535 parte
509 2462 644 2538 ruptam.
686 2451 760 2514 Nee
781 2458 889 2532 potest
915 2467 954 2512 se
973 2450 1069 2512 homo
1101 2452 1266 2516 eontiuere

99 2554 288 2631 a'olamore
325 2557 516 2642 emittendo,
549 2565 680 2642 propter
701 2552 862 2620 asdbituur
891 2553 1117 2618 abhorridum
1149 2574 1266 2622 sonum

100 2656 273 2746 fragbrum.
305 2660 462 2725 Stetimus
483 2681 562 2747 ergo
583 2664 722 2726 intristi
744 2659 939 2745 speetaeulo,
962 2667 995 2722 et
1014 2659 1049 2722 iu
1068 2657 1265 2722 lamentabili

98 2763 254 2852 perimrlo.
296 2766 396 2832 Porro
418 2769 563 2834 velasio
583 2769 618 2833 in
639 2770 716 2831 abre
736 2765 878 2847 volante,
900 2763 1123 2828 diseurrebaut
1145 2762 1266 2830 Galioti

100 2884 135 2938 at
157 2873 279 2938 caeteri
299 2873 460 2937 marinarii
491 2893 565 2939 eum
586 2884 689 2938 tauto.
707 2873 847 2936 elamore
868 2879 900 2932 et
921 2869 1061 2954 ululatu,
1089 2889 1130 2935 ao
1149 2871 1180 2934 si
1197 2869 1265 2953 jam

99 2979 221 3064 gladiis
250 2987 362 3042 esseut
387 2977 610 3062 eoulodiandi,
640 2989 674 3044 at
695 2998 753 3062 per
784 2975 937 3040 rudentes
967 2993 1067 3058 super
1093 2985 1266 3040 auterruam

89 3083 321 3167 scandebant,
355 3083 465 3148 velum
497 3081 704 3149 oouabautur·
717 3081 759 3146 de
796 3081 925 3146 sublimi
955 3080 997 3144 ad
1024 3098 1066 3145 se
1095 3082 1264 3145 attrahere.

58 3189 406 3270 ‚vomerismfertus
438 3191 610 3254 earrebant
648 3187 790 3270 undique
828 3186 1027 3270 polistrelum
1059 3203 1192 3269 capere,
1232 3194 1267 3248 et

96 3295 285 3379 reaoo'ipere
306 3295 518 3378 quaerebantr
551 3296 607 3360 alli
628 3294 782 3359 trochleis
804 3291 1076 3376 aptantesitrues
1097 3299 1130 3352 et
1158 3290 1284 3374 spiras·

95 3398 389 3466 oiroumduoebant.
431 3400 600 3485 Peregniui
629 3393 708 3466 ‘raro
729 3407 762 3462 et
793 3397 848 3460 alii
880 3397 922 3460 ad
956 3396 1017 3460 hos
1044 3395 1211 3463 dinamus
1233 3405 1267 3458 et

95 3507 225 3570 labores
244 3505 387 3568 inutiles
398 3504 504 3570 usum
524 3507 674 3587 orabant,
695 3513 729 3568 et
749 3510 882 3570 sanatos
901 3501 1115 3564 iuvooabaut·
1153 3501 1264 3587 Aliqui
1293 3518 1298 3529 ·

97 3629 179 3676 suas
190 3609 418 3677 ooalessioues
436 3611 608 3696 famellam,
627 3620 781 3695 tauquam
798 3606 1087 3690 iaminprooiuotu
1102 3607 1267 3672 ooustltuti

97 3715 271 3780 artioulum
307 3715 453 3779 ultimum
486 3718 599 3781 mortis
613 3721 849 3798 rexpeotautes.
897 3711 1007 3795 Aliqui
1023 3721 1120 3776 ..vota
1148 3731 1268 3797 magna

97 3818 350 3884 emittebant-ad
360 3819 507 3904 Romm,
529 3822 571 3886 ad
593 3821 628 3888 S.
648 3821 818 3902 Jseobum,
840 3827 873 3881 et
893 3816 936 3880 ad
951 3818 1085 3883 Beatam
1099 3819 1267 3901 -virgiuem

97 3925 177 3988 hino
204 3921 281 3988 iude
305 3942 345 3989 se
376 3925 480 3990 ituros
511 3927 755 4010 promittebant,
785 3930 821 3986 ut
848 3924 932 3987 hano
959 3932 1094 3987 martem
1126 3921 1268 3987 evadere

96 4039 243 4109 possent.
265 4027 342 4091 Nou
364 4029 449 4094 euim
469 4031 532 4094 uisi
553 4049 640 4096 mors
660 4029 1023 4114 praeseustimebatur.
1041 4027 1204 4112 ‹Cogitavi
1224 4028 1267 4093 ad

98 4130 277 4214 parabolas
301 4132 501 4199 Anacharsis
530 4136 736 4220 Philosophi,
769 4136 826 4219 qui
861 4135 1058 4216 nauigantes
1082 4153 1144 4196 neo
1179 4134 1267 4197 vivis
1353 4131 1354 4218 l

98 4253 160 4307 nee
182 4238 317 4301 mortuis
344 4241 622 4306 eenuumerandos
643 4259 719 4304 asse
749 4239 838 4304 dixit.
881 4239 1095 4320 iusuper-eos
1117 4256 1181 4300 uon
1204 4239 1266 4301 uisi
1352 4229 1354 4287 l
