2716 4798
256 392 298 514 ’,
434 421 656 524 Tractetns
684 383 891 510 secuntias

74 609 319 701 Continens
343 617 443 695 Acta
455 575 758 718 Peregrinarum
768 613 912 698 Terrae
936 581 1099 698 Sanctae
1121 645 1192 726 per

480 761 642 831 mensem
665 734 835 858 Majttmi

135 917 260 1004 llltjns
280 920 482 986 delectabilis
502 930 534 985 et
555 923 660 986 laetus
677 924 800 986 mensis
818 916 882 986 sub
903 915 1084 1005 primo'tlie
1102 925 1235 986 sanctas

8 1027 241 1110 'hilippum
262 1038 296 1091 et
315 1027 475 1091 Jacob'um
496 1027 674 1126 Apostolos
695 1018 849 1095 wlentlbs
862 1027 964 1090 nabis
981 1027 1142 1091 exhibuit
1161 1045 1236 1090 curn

8 1143 180 1196 evata
202 1132 397 1196 celebritate.
438 1117 575 1198 sumnia
601 1149 687 1234 ergo
714 1131 837 1217 manej
854 1129 928 1196 ιἰιιι
952 1133 1082 1200 Domini
1117 1139 1152 1195 et
1180 1131 1236 1194 slii

41 1239 162 1300 ostri
196 1235 278 1340 sao‘qi
311 1212 542 1321 surrexissent,
571 1255 674 1322 seque
702 1234 758 1300 sti
771 1235 972 1304 νιιιιιιιᾱιιι
1000 1237 1174 1303 ooalssittm
1202 1243 1237 1298 st
1356 1289 1357 1292 ,

5 1341 257 1404 audiendam
294 1325 434 1408 Missam
458 1342 714 1431 praeparoient,
734 1315 975 1425 interrogabant
1005 1363 1074 1426 ma,
1111 1343 1146 1404 i'n
1171 1341 1237 1423 qns‘

8 1443 203 1510 enclesis
229 1445 380 1508 Officium
404 1445 579 1541 (livinum
590 1435 750 1510 vellemus
771 1449 834 1511 hac
861 1440 926 1514 ιι
933 1445 1074 1511 eudiroi
1106 1444 1234 1524 Quibus

14 1549 234 1632 respondi·
259 1565 338 1630 sectr
356 1539 518 1614 Domini'
508 1571 542 1612 ιι
562 1523 619 1618 tria
641 1548 704 1614 Boi
725 1553 894 1616 constituti
922 1571 1035 1616 sumus
1060 1553 1234 1636 peregrini,

20 1646 203 1740 (aas),
227 1642 406 1719 recteest
413 1630 766 1740 peregrinamoliasum
786 1652 883 1722 ιἰιιι.
905 1651 1047 1741 Oportet
1053 1666 1160 1720 autent
1172 1673 1234 1720 nos

20 1761 82 1824 iu
107 1759 175 1822 hac
191 1757 272 1822 urbe
301 1756 408 1823 adhuc
438 1757 498 1842 p'er
526 1753 618 1824 illut'n
647 1753 809 1845 integrunt
837 1778 981 1827 mensem
1006 1781 1148 1830 manere.
1190 1763 1236 1826 tet

28 1865 136 1948 quia
167 1863 356 1928 circumdati
389 1865 485 1948 equis
500 1857 656 1950 sumns‘,'
674 1868 721 1930 ito
747 1875 785 1930 ut
816 1861 1017 1950 notr'p'atea't
1043 1868 1137 1930 nabis
1173 1883 1234 1948 pra

28 1955 310 2032 nastro'sota'tta
339 1967 371 2030 et
389 1954 459 2052 ¹‘pra
489 1965 683 2037 deductione
703 1958 858 2053 t'empor'is
891 1971 997 2034 exitus
1028 1971 1071 2035 od
1102 1967 1235 2034 floridas

31 2073 172 2136 hortas
203 2081 258 2135 out
279 2054 327 2136 ιιι
344 2060 496 2134 amoenas
518 2091 673 2159 campas,
695 2083 751 2137 eut
776 2075 817 2137 ed
838 2076 1007 2138 umbrosas
1031 2065 1157 2156 ιιιιιι,
1179 2083 1235 2138 eut

35 2175 98 2239 ad
120 2172 238 2239 viritiis
257 2185 368 2276 prata,·
383 2185 439 2240 tut
460 2177 502 2240 otl
521 2179 730 2262 voluptuosa
747 2177 901 2244 viridario
927 2181 1085 2263 arbatum,
1107 2177 1234 2264 tiaram,

41 2281 208 2344 raserunt
234 2289 268 2363 et
289 2281 446 2382 liliorum,
457 2277 519 2345 nco'
550 2262 779 2347 venationibus
737 2302 925 2350 usvoearo
953 2302 1144 2368 passumus,
1170 2301 1234 2349 neo

36 2383 241 2450 hastiludiis
262 2396 320 2448 out
349 2387 476 2453 choreis
509 2388 688 2451 interesse
703 2387 818 2472 rleoet3
846 2386 967 2451 idcirco
994 2407 1101 2452 meum
1122 2389 1234 2452 cansi-

43 2491 137 2553 lium
156 2499 218 2574 est,
239 2500 276 2554 ut
298 2491 383 2554 omni
405 2488 467 2574 dic,
489 2491 642 2597 qttstmdiu
662 2491 719 2555 ltlo'
739 2493 968 2577 consistimus,
993 2493 1235 2576 peregrinemur

46 2595 99 2658 ad
121 2592 261 2680 aliquem
283 2597 456 2660 ecclesiam
476 2605 510 2660 et
530 2582 705 2690 visitemus
725 2615 861 2682 corporo
893 2607 924 2661 et
946 2603 1144 2661 sanctorum·
1156 2595 1235 2658 reli-

51 2700 163 2784 quias,
181 2719 318 2784 quarum
331 2709 392 2764 est
403 2719 531 2785 magna
545 2698 766 2766 rtlultituda'
756 2725 790 2768 rn
821 2706 884 2768 hoo
911 2703 1008 2792 urbe,
1034 2711 1075 2764 et
1094 2703 1145 2764 sic
1176 2719 1235 2784 per

18 2795 281 2886 Majtitnillnm
301 2822 475 2889 carpemus
488 2807 596 2890 flores,
614 2822 707 2892 rasos
730 2819 764 2873 et
784 2807 855 2873 litia
875 2811 1043 2890 virtutum,
1060 2807 1236 2890 gratiarum

56 2916 95 2972 et
122 2903 423 3007 indulgentiarum.
457 2899 534 2975 Boc
567 2909 678 3000 a'utlita
687 2899 846 3003 placuit
887 2915 1034 2978 amnibus
1065 2908 1235 2975 consilium

56 3023 177 3097 meunt,
199 3021 232 3076 et
252 3015 421 3079 communi
437 3010 566 3081 decreta
589 3017 803 3113 decretione,
826 3018 912 3104 quod
938 3007 1076 3100 singulis
1108 3015 1234 3098 (liobae,

59 3118 104 3182 etl
124 3119 263 3204 tiquam
286 3119 461 3186 ecclesiam
488 3119 665 3210 specialem
685 3125 843 3206 navigare
856 3130 919 3185 out
940 3115 1104 3187 ambulare
1126 3121 1235 3184 velle·

61 3241 152 3308 tnus3
174 3227 255 3290 etsi
272 3245 338 3288 nan
359 3243 472 3289 omnes
494 3243 623 3310 semper
643 3224 753 3310 simul,
784 3237 891 3290 temon
920 3227 1021 3311 sliqui
1046 3225 1088 3289 tle
1122 3233 1236 3288 nostro

63 3328 214 3393 sacietate
234 3329 269 3394 id
291 3331 459 3412 lacerent,
487 3331 544 3412 qul
564 3331 680 3419 pastea
704 3323 781 3395 visit
807 3333 1047 3395 remanentibus
1066 3329 1233 3392 referrent.

63 3430 120 3498 Illa
148 3451 228 3518 erga
250 3437 357 3518 prima
379 3433 432 3496 die
451 3431 532 3496 Mart
551 3435 682 3498 barcam
709 3433 922 3500 canduitiirtus
944 3446 977 3500 et
999 3435 1041 3498 td
1062 3433 1234 3497 ecclesiam

65 3549 245 3602 senatorum
259 3536 495 3620 Apostolorum
516 3537 656 3619 Philippi
677 3546 710 3600 et
728 3539 844 3600 Jacobi
865 3525 1105 3623 navigavimus,
1126 3535 1235 3620 ibique

66 3641 179 3706 (livinis
201 3639 330 3703 Ollieiis
350 3640 567 3704 intersumus.
586 3641 667 3702 Post
681 3639 833 3705 Officium
855 3641 896 3704 aa
917 3643 1018 3706 ellare
1035 3645 1236 3708 accessimus

69 3755 100 3810 et
119 3753 213 3826 caput
246 3747 379 3806 sactum
409 3743 458 3806 St.
483 3728 644 3826 Philippi‘,
672 3743 761 3827 quod
795 3745 839 3807 ibi
874 3747 1027 3831 habetur,
1057 3743 1236 3814 deoseulati

71 3867 184 3932 sumus,
205 3855 238 3910 et
257 3845 480 3911 venerandum
503 3845 553 3911 St.
575 3849 692 3930 Jscobi
708 3851 882 3914 brachium.
904 3853 984 3916 ltlrttt
999 3863 1106 3918 tutent
1117 3867 1236 3934 magne

71 3955 222 4022 hominnm
244 3941 452 4038 compressio,
463 3963 594 4039 propter
604 3973 716 4019 sacras
731 3955 892 4042 reliquias
903 3957 1062 4022 videndos
1082 3967 1115 4020 et
1136 3956 1236 4019 deas·

74 4059 225 4124 colendas.
279 4059 379 4122 Parra
403 4057 521 4125 Officio
553 4061 722 4126 terminato
744 4057 877 4129 defluxit
897 4066 1047 4150 populus,
1066 4077 1127 4124 nas
1157 4075 1236 4122 vera

76 4165 238 4228 mntsimns
271 4183 442 4250 quousque
484 4166 558 4230 sine
594 4167 707 4252 papuli
742 4187 897 4252 pressura
934 4169 1050 4234 melius
1084 4162 1237 4244 reliquias

77 4267 176 4332 videro
202 4279 236 4332 ot
277 4271 400 4335 nastris
427 4269 605 4356 jocalibus,
633 4289 718 4358 quae
753 4277 956 4339 comittantur
987 4263 1150 4347 clenodia,
1197 4279 1238 4324 ea
