2768 4780
721 229 787 292 262
800 281 805 294 .

166 415 214 482 ‚da
237 411 404 499 discipulis
426 412 508 496 ejus,
526 419 557 474 et
581 411 751 498 quomodo
756 407 885 496 quidam
904 409 945 473 de
963 408 1118 498 ministris
1133 409 1341 474 durissimam

162 519 298 601 ..alapam
332 518 421 583 dedit
441 519 597 600 Domino,
634 537 730 580 manu
768 515 938 580 furibunda
968 517 1034 580 ictu
1066 515 1171 598 gravi
1195 511 1340 580 caedens

174 625 290 691 iaciem
317 623 419 706 Jeau,
449 623 531 686 adeo
567 630 605 686 ut
630 623 808 724 secundum
841 619 998 707 quosdam
1028 619 1143 685 dentes
1170 622 1242 684 oris
1272 621 1340 704 ejus

174 739 430 810 removerentur,
459 735 493 790 et
515 745 552 790 os
574 731 735 820 sanguine
756 727 829 812 (B)
852 729 989 792 fluerat:
1010 725 1052 790 ad
1074 741 1171 810 quani
1200 742 1340 809 percus·

171 835 295 900 mortem
316 835 475 899 Dominus
494 832 596 896 Jesus
618 833 696 898 nihil
717 833 830 896 durum
869 833 950 898 dixit
970 839 1028 896 aut
1050 831 1143 916 lecit,
1176 851 1242 896 nec
1266 841 1341 916 p'er-

172 940 298 1004 cussori
318 956 455 1022 poenam
475 939 612 1024 aliquem
638 939 766 1011 inllixlt.
787 937 882 1003 Unde
913 938 1135 1022 Augustinus:
1178 939 1210 1000 sl
1246 938 1342 1020 cogi-

173 1055 294 1128 ternus,
333 1045 407 1128 quis
449 1045 612 1128 acceperit
651 1045 793 1130 alapam,
832 1061 940 1107 noune
980 1043 1142 1107 vellemus
1169 1061 1264 1126 enm,
1286 1044 1341 1126 qul

164 1150 350 1237 percussit,
384 1157 438 1213 rut
470 1150 605 1215 coelesti
638 1151 716 1233 igue
744 1151 906 1233 corrsnml,
941 1159 996 1212 aut
1028 1156 1114 1212 terra
1145 1146 1342 1210 dehiscente

168 1255 353 1338 absorberi,
375 1263 430 1318 aut
456 1265 662 1342 correptum
659 1251 827 1320 daemonio
848 1253 979 1337 vexari,
1001 1258 1058 1316 ant
1080 1253 1187 1336 aliqua
1220 1251 1341 1334 hujus-

172 1360 259 1426 modi
288 1357 431 1446 qualibat
460 1378 565 1441 poena
597 1360 651 1423 vel
680 1362 778 1424 etiam
807 1361 948 1444 graviori
976 1357 1093 1464 puniri
1136 1355 1222 1436 Quid
1254 1356 1340 1418 enim

170 1468 285 1542 lterum
306 1483 366 1548 per
386 1463 565 1548 potentiam
574 1463 699 1545 jubere
724 1485 789 1530 non
820 1466 1014 1550 potuisset,
1024 1481 1083 1548 per
1110 1483 1208 1549 quem
1228 1455 1340 1526 lactus

174 1579 227 1634 est
246 1568 404 1650 mundost
426 1569 490 1649 nisi
508 1571 694 1652 patientiam
715 1588 776 1638 nor
799 1569 967 1635 maluisset
989 1570 1119 1653 docere,
1143 1585 1207 1675 qna
1228 1569 1340 1632 vinei-

172 1685 224 1742 tur
244 1672 468 1741 monceaux
488 1674 540 1738 liis
562 1682 652 1759 patet
671 1675 798 1740 falsitas
814 1673 968 1754 mendosa
981 1675 1118 1758 illorum,
1139 1664 1194 1758 qni
1216 1673 1340 1755 dicunt,

171 1779 436 1866 quincentum
463 1779 564 1844 Jcsus
588 1796 683 1847 suum
711 1796 936 1864 percussorem
957 1781 1141 1864 penituerit
1171 1781 1284 1843 statim
1306 1781 1340 1840 ln

174 1885 287 1950 eodem
309 1885 397 1968 loco,
419 1884 534 1950 dicens
561 1889 607 1950 eir
637 1889 692 1951 hic
712 1889 817 1950 stultis
843 1895 877 1950 ot
897 1886 1102 1974 innocentius
1131 1900 1223 1947 meae
1244 1884 1339 1947 testi-

172 1991 314 2064 monium
348 1988 531 2082 perhibebis
559 2007 666 2078 usque
701 1994 734 2056 ln
764 1992 848 2056 diem
877 1992 1013 2056 extremi
1038 1990 1170 2074 judicii,
1204 1999 1238 2052 et
1259 1996 1340 2053 tunc

172 2097 286 2162 salum
307 2097 382 2160 erls.
405 2095 457 2158 Ab
469 2096 525 2168 illa
546 2113 624 2181 ergo
646 2100 725 2163 hora
746 2107 814 2161 stat
832 2098 889 2161 ille
906 2098 949 2176 lbi
962 2097 1157 2180 vivitque,
1144 2109 1208 2160 nec
1229 2105 1340 2159 tamen

173 2199 324 2285 medii,
343 2219 406 2264 nec
429 2201 517 2286 bibit,
539 2221 601 2279 nec
622 2201 752 2288 dormit,
769 2203 828 2270 sod
850 2217 967 2286 magno
989 2199 1148 2267 desiderio
1169 2189 1339 2285 exspectat

173 2305 444 2398 ιιιιιιιιιίιίιιιιιιιιιι
422 2315 457 2373 ut
478 2307 640 2392 liberetur,
655 2315 694 2371 et
710 2312 900 2410 peregrinos
922 2307 1158 2392 advealente's
1148 2315 1337 2390 interrogat,

173 2433 215 2480 an
254 2413 414 2492 foeminae
447 2409 554 2486 adhuc
593 2413 755 2477 masculos
794 2409 944 2502 pariant‘l
975 2413 1121 2476 diceus:
1150 2409 1240 2498 quod
1272 2413 1339 2476 line

172 2517 284 2594 mundi
316 2517 591 2608 appropinquante
625 2520 800 2598 cessabunt
829 2515 980 2582 mulieres
1008 2535 1115 2596 mares
1144 2537 1277 2601 parere;
1306 2527 1339 2580 et

173 2625 224 2688 ito
254 2631 319 2690 stat
340 2623 385 2688 ibi
400 2621 689 2712 ,interrogans,.oi
707 2621 751 2685 ed
774 2625 970 2716 interrogata
990 2622 1200 2708 respondens.
1243 2623 1340 2685 llaec

174 2738 280 2794 autem
308 2735 384 2795 sunt
401 2724 518 2789 frivole
539 2727 692 2806 mendosa
711 2737 825 2803 corrtre
844 2728 1046 2812 Scriptorum
1068 2729 1338 2814 ailivangelium‚

171 2833 250 2901 fidei
272 2841 305 2895 et
325 2829 457 2895 veritati
484 2833 663 2916 contraria,
672 2851 734 2916 per
755 2829 862 2897 iatuos
884 2844 916 2896 et
938 2833 1128 2918 deceptores
1149 2853 1339 2920 gyrovagos

172 2943 268 3018 licta,
301 2936 370 3020 qui
377 2943 537 3016 regentes
559 2937 620 3000 sub
640 2937 753 3042 specie
773 2937 902 3022 piatatis
931 2956 990 3023 per
1017 2939 1105 3024 loca,
1141 2939 1279 3002 veritate
1300 2959 1339 3003 se

171 3043 376 3126 ingurgitare
396 3057 461 3102 non
480 3040 603 3126 valent,
618 3041 696 3106 talia
713 3031 881 3125 mendacia
900 3045 1099 3129 confingunt,
1118 3051 1154 3106 at
1172 3043 1339 3126 simplices

173 3141 321 3212 homines
336 3129 505 3228 seducunt,
518 3153 551 3208 et
567 3149 909 3238 nonnunquametiam,
926 3151 981 3236 qul
998 3149 1148 3214 videntur
1161 3147 1338 3232 prudentes

173 3269 266 3333 orso,
289 3251 338 3314 eis
360 3248 544 3333 attendunt,
557 3260 589 3316 et
609 3272 667 3336 pro
688 3255 971 3336 mendaciisdone
992 3256 1040 3339 eis
1062 3255 1240 3318 conferunt.
1263 3253 1339 3320 lieo

165 3358 252 3424 milri
273 3357 462 3439 contigisse,
482 3357 604 3424 veritas
615 3359 709 3435 littori
730 3363 824 3444 cogit.
847 3359 934 3424 Nam
955 3359 1070 3424 eodem
1090 3377 1186 3442 enno,
1208 3358 1338 3444 qnando

165 3463 217 3528 ‚etl
239 3463 380 3545 primam
399 3523 404 3532 ,
422 3478 527 3526 meam
560 3458 850 3548 peregrinationem
881 3485 934 3530 me
965 3465 1110 3549 disposui
1134 3462 1190 3527 'ad
1220 3472 1339 3528 terram

167 3576 336 3650 sanctam,
378 3577 538 3632 venerunt
572 3569 698 3634 illoram
730 3567 793 3633 duo
821 3569 982 3654 gyrovagi
1010 3570 1052 3633 do
1083 3568 1252 3651 Flandria,
1283 3567 1339 3654 qul

172 3672 342 3759 dixerunt,
373 3687 411 3734 se
441 3681 588 3737 recenter
620 3671 662 3736 de
693 3674 879 3740 Jerusalem
905 3676 1054 3760 venisse,
1092 3683 1127 3739 et
1157 3671 1199 3738 tle
1229 3681 1340 3737 monte

165 3776 293 3861 ¹Syuol,
317 3783 351 3840 et
373 3777 574 3854 miritamira
599 3779 794 3862 recitabant,
825 3760 980 3844 sedentes
1007 3781 1093 3843 inter
1121 3794 1282 3862 pauperos
1303 3781 1337 3842 ln

140 3961 144 3969 1
173 3880 344 3965 hospitali,
375 3892 409 3948 et
440 3882 532 3946 multi
558 3883 727 3968 utriusque
755 3901 856 3948 sexus
887 3885 929 3948 ad
959 3899 1017 3948 eos
1049 3885 1270 3965 confluebant,
1302 3892 1339 3946 ut

174 3987 300 4050 tabulae
322 4007 431 4052 eornm
452 3987 608 4050 audirent.
651 3986 761 4053 Vidua
792 3999 900 4056 autem
920 3986 1081 4073 quaedam
1102 3987 1255 4080 honesta,
1278 3985 1340 4050 do-

174 4093 262 4156 minu
294 4091 393 4154 Arnra
421 4090 462 4154 de
491 4089 671 4177 Kingseclr,
699 4093 817 4157 allecta
837 4089 1039 4157 sennouibus
1071 4104 1198 4185 actum,
1230 4099 1280 4157 ut
1297 4103 1339 4156 eo

174 4193 307 4266 liberius
327 4211 400 4266 cour
422 4196 471 4256 eis
490 4196 641 4259 conterre
661 4207 782 4288 poseat,
804 4199 925 4282 recepit
948 4215 1006 4261 eos
1026 4197 1061 4262 in
1083 4195 1213 4264 domum
1234 4213 1338 4279 suam,

174 4305 207 4360 et
227 4293 353 4380 largum
371 4297 550 4383 hospitium
565 4301 614 4367 eis
635 4302 793 4388 praebuit.
816 4304 859 4367 Et
878 4303 1018 4387 quodam
1040 4301 1092 4367 dio
1113 4319 1165 4368 me
1186 4303 1338 4368 accersiri
