2608 4842
525 181 620 246 '1291

10 369 188 436 magnum
219 354 363 426 Christi
386 361 588 446 despectum.
633 361 869 446 Compassione
889 364 934 426 ibi
960 365 1040 426 moti
1059 363 1181 428 luimus

10 477 61 520 »er
88 458 236 527 Christi
262 466 470 550 nuditatem,
492 476 525 530 et
547 476 643 530 centu
669 468 759 530 finito
792 467 897 535 loenm
919 467 1100 534 deoseulati
1121 487 1180 534 sn·

11 580 54 644 s,
77 573 119 628 et
145 566 396 654 indulgentias
418 575 598 656 recepimus
619 573 689 657 st).

12 810 117 908 des,
148 811 194 890 in
225 840 309 918 qne
337 817 513 896 Dominus
535 818 649 897 Josus
671 817 769 895 sedit
795 817 832 896 in
856 839 923 895 sna
945 821 1177 900 coronatione

501 964 675 1044 poenosa.
740 986 742 991 2
1043 963 1047 971 ·

47 1107 239 1190 Egressis
275 1109 371 1174 uobis
404 1101 445 1174 de
465 1112 532 1174 ista
558 1110 684 1194 oapella
712 1107 930 1181 adulteriora
960 1110 1179 1193 processione

10 1231 37 1274 m
58 1211 215 1296 lugubri
242 1224 349 1280 centu
382 1216 423 1280 de
445 1218 651 1292 eoronatione
671 1215 803 1279 Domini
828 1217 863 1278 in
883 1233 945 1280 sua
967 1218 1179 1282 coronatione

10 1338 92 1382 rona
115 1323 276 1404 spinea,
299 1331 333 1388 et
352 1325 388 1386 in
409 1341 506 1388 unam
529 1321 686 1404 capellam
709 1321 805 1384 aliam
824 1321 976 1384 venimus
997 1322 1177 1400 obseuram,

10 1424 63 1504 lus
87 1427 205 1488 uniea
242 1429 396 1490 fenestra
423 1429 572 1490 obturata
602 1425 765 1508 lapidibus
787 1426 864 1508 init,
895 1434 929 1490 et
950 1427 1051 1488 altare
1081 1429 1114 1489 in
1139 1445 1179 1488 ea

10 1527 153 1594 lehrum
176 1540 215 1593 et
241 1533 425 1620 integrum,
463 1531 524 1594 sed
555 1533 626 1596 sine
657 1531 753 1613 pallis
775 1540 837 1594 ete.
882 1530 950 1594 Sub
979 1533 1051 1614 ipso
1082 1531 1176 1596 altari

10 1644 36 1696 tt
64 1653 163 1698 unus
188 1637 359 1700 rotundus
390 1638 491 1721 lapis,
519 1655 559 1700 ae
578 1641 610 1698 si
632 1637 749 1700 fuisset
781 1654 857 1718 pars
878 1637 975 1700 unius
1006 1637 1177 1700 eolumnae

10 1749 90 1802 ntae
112 1743 151 1804 in
177 1749 315 1825 partes.
357 1742 424 1805 llio
443 1743 527 1824 lapis
558 1751 703 1826 tempere
736 1743 897 1825 passionis
931 1742 1053 1806 Christi
1084 1743 1176 1804 stetit

29 1845 138 1909 domo
165 1848 293 1931 Pilati,
314 1856 395 1912 ante
410 1848 572 1912 stabulum
594 1847 770 1928 mularum,
795 1868 853 1929 pro
874 1848 973 1928 sede3
996 1853 1067 1910 erat
1089 1848 1175 1910 enim

10 1951 265 2034 tdispositus,
296 1951 383 2034 quod
412 1953 472 2014 fnit
493 1971 551 2034 pro
580 1953 731 2014 sessione
765 1960 869 2032 aptus.
917 1951 1076 2016 Veientes
1097 1969 1175 2033 ergo

9 2057 165 2120 ominum
200 2059 322 2141 spinea
349 2074 668 2132 connumeratione,
702 2053 875 2118 volverunt
902 2055 1041 2142 lapidem
1068 2075 1089 2118 a
1115 2073 1176 2119 sue

11 2179 53 2222 eo
78 2161 117 2223 in
140 2163 369 2245 praetorium,
391 2169 425 2224 et
445 2161 616 2227 Dominum
642 2159 757 2223 Jesum
779 2160 919 2244 desuper
947 2159 1063 2226 sedere
1085 2161 1176 2224 iece-

10 2274 79 2348 rnt,
122 2285 273 2352 eumque
311 2266 478 2330 sedentem
513 2284 611 2347 super
647 2267 734 2328 hune
766 2267 904 2349 lapidem
932 2277 1175 2332 coronaverunt

10 2371 109 2450 pinis.
153 2371 244 2434 Post
275 2374 461 2454 passionem
496 2379 602 2434 autem
635 2368 758 2435 Christi
786 2371 900 2436 fideles
936 2391 1009 2434 eum
1035 2373 1175 2454 lapidem

10 2491 54 2534 ue
78 2465 303 2556 portaverurn
323 2477 357 2539 in
385 2494 561 2560 perennem
592 2475 779 2540 memoriam
813 2475 899 2539 illius
929 2477 1121 2540 durissimae
1142 2487 1177 2540 et

10 2581 329 2662 pprobriosissimae
361 2583 588 2650 coronationis.
641 2579 866 2646 Postravimus
906 2601 987 2666 ergo
1026 2601 1103 2664 nos,
1141 2591 1176 2646 et

11 2683 177 2748 donantes
200 2686 373 2751 Dominum
394 2686 533 2769 lapidem
553 2687 640 2749 huno
669 2688 818 2750 manibus
850 2689 1034 2770 tetigimus,
1066 2698 1099 2750 et
1120 2707 1176 2752 ore

10 2789 181 2852 lensenleti
205 2807 328 2875 snmus,
350 2801 384 2854 et
404 2790 623 2874 indulgentias
644 2793 833 2873 aeeepimus
854 2791 922 2874 (pl).
956 2794 998 2854 llt
1020 2811 1069 2875 ea,
1092 2812 1176 2876 quae

10 2909 119 2956 »assus
143 2905 199 2963 est
216 2896 374 2960 Dominus
395 2897 515 2960 sedens
536 2914 635 2977 super
655 2896 742 2960 huno
763 2896 912 2981 lapidem,
924 2899 965 2962 ad
987 2901 1176 2962 memoriam

10 2996 203 3084 eduximus,
225 3002 384 3083 quomodo
398 3002 556 3064 Dominus
572 3002 674 3065 «lesus
697 3001 830 3066 indutus
848 3003 1005 3068 derisorie
1024 3021 1175 3088 purpure,

10 3103 195 3168 trundinem
216 3125 273 3190 pro
295 3115 424 3190 seeptro
446 3125 544 3169 manu
568 3115 697 3190 tenens,
718 3121 839 3172 serena
857 3113 973 3192 spinea
990 3119 1175 3192 coronatus,

10 3208 107 3271 oeulis
143 3211 290 3294 velatus,
333 3221 528 3296 consputus,
568 3211 808 3296 eolaphisatus,
844 3215 947 3297 alapis
987 3233 1175 3296 pereussos,

10 3311 161 3376 trundine
182 3316 309 3399 laesas,
330 3337 390 3400 per
409 3317 485 3382 Ave
504 3319 685 3402 salemum,
706 3317 782 3384 lter
801 3319 1001 3384 dndaeorunr
1023 3326 1176 3400 venatos,

10 3418 163 3499 propheta
184 3423 385 3506 nominatus,
406 3431 441 3486 et
462 3424 560 3489 mille
591 3424 761 3507 posueris
787 3422 952 3504 spinarum
975 3423 1175 3506 vulneratus,

10 3526 72 3583 toto
91 3522 235 3608 denique
256 3541 392 3608 corpere
413 3545 454 3588 ex
483 3529 700 3610 llegeDatione
720 3525 935 3608 praecedente
967 3526 1175 3612 dilaoeratns‚

10 3624 147 3690 irrisioni
176 3629 305 3713 publiee
344 3633 529 3714 expositus,
564 3641 597 3694 et
627 3633 673 3694 ite
704 3631 822 3713 plenus
855 3633 1024 3714 opprobrio
1053 3633 1086 3694 in
1114 3633 1182 3696 boe

10 3726 116 3810 lapide
134 3734 219 3796 sedit
239 3743 402 3818 tamquam
426 3733 500 3798 llex
519 3738 553 3800 iu
573 3736 673 3818 solio,
690 3736 862 3798 manifeste
884 3736 1076 3820 ostendens,
1099 3757 1176 3821 reg·

14 3849 85 3898 num
106 3853 199 3902 suum
230 3857 296 3902 non
320 3840 459 3904 essedo
479 3842 541 3904 hoe
563 3840 690 3904 mundo.
735 3840 832 3904 Unde
867 3839 981 3905 Saneti
1009 3841 1173 3920 Christum

12 3951 117 4020 regem
150 3959 215 4008 nnn
259 3955 460 4030 agnoscunt,
500 3945 563 4009 nisi
595 3956 690 4030 prout
722 3946 811 4012 sedit
846 3955 1017 4012 comnotus
1046 3949 1080 4012 in
1112 3950 1175 4012 hoe

17 4038 123 4124 lupide.
172 4051 330 4134 [regimus
362 4051 446 4114 enirn
479 4050 521 4114 de
549 4050 585 4115 S.
622 4051 783 4136 Muttine,
821 4051 907 4136 quod
949 4055 1012 4120 sibi
1039 4056 1176 4138 spiritus
1245 4117 1248 4120 .

20 4149 167 4232 malignus
188 4157 348 4239 apparuit,
372 4174 490 4222 oorona
504 4174 604 4221 aurea
626 4166 659 4221 et
678 4155 820 4242 purpura
841 4159 984 4242 indutus,
1007 4167 1040 4220 et
1062 4159 1177 4240 splen-

25 4245 89 4314 dido
123 4257 237 4325 decore
269 4260 508 4346 circumdatus,
545 4262 674 4344 dicens,
707 4281 746 4326 se
778 4281 853 4326 esse
894 4261 1070 4327 Christum.
1116 4259 1178 4324 Cui

902 4359 963 4418 to*
