2608 4842
711 73 776 144 iffi

159 251 1171 344 epnhntieeetloeupletatis,msgnaelaetitiaeetjoeunditatir,

154 357 300 440 justitiae
320 362 547 446 etaeqnitatis,
568 379 705 444 magnae
715 362 892 426 munditiae
914 372 947 426 et
970 359 1175 442 swanum,

155 469 322 534 doetrinae
349 476 384 530 et
413 466 577 548 veritatis,
606 484 744 549 magnae
772 469 961 552 prophetiae
1015 475 1053 529 et
1091 465 1218 528 rerelrt'

156 575 255 640 Mons
274 569 559 638 consommationis
572 573 704 635 veteris-
716 573 917 636 Testamenti
939 582 975 636 et
999 571 1207 634 inchoationis

155 696 250 744 mons
271 683 542 740 sacramentorum
577 674 701 742 Christi
722 687 755 740 et
786 677 1030 742 charismatum
1055 676 1194 759 Spiritus

156 783 256 846 ¹hiens
275 783 400 846 Martae
411 780 568 863 Virginis,
590 782 624 842 in
647 799 712 866 qno
732 781 853 864 deguit,
875 784 919 846 ibi
936 780 1138 866 Apostolos
1160 779 1228 840 doen

155 888 387 972 Evangelistas
408 887 566 950 instruxit
577 905 586 966 3
604 887 648 948 ibi
668 888 788 952 mundo
808 887 987 970 Apostolos
1018 885 1212 950 destinarit:
1232 883 1236 896 '

157 993 199 1056 de
219 993 351 1058 monle
372 991 532 1074 migravit
555 989 652 1054 Mons
674 992 730 1054 ille
751 1002 801 1056 est
822 992 918 1057 hodia
939 991 1133 1075 possessio
1206 989 1210 1000 '
1233 985 1237 1000 ‘

157 1117 245 1181 rum;
281 1096 467 1162 haereditas
500 1095 741 1180 religiosarnm3
769 1097 945 1179 hospitium
981 1096 1234 1180 peregrinorum

155 1204 242 1266 enim
263 1201 326 1266 soli
341 1200 519 1265 Christiani
533 1199 681 1264 habitant
701 1209 736 1263 et
757 1201 864 1266 nullos
874 1199 1110 1283 Sarmentius,
1132 1199 1214 1262 neat

155 1306 252 1372 hodie
273 1307 306 1369 in
326 1307 390 1369 hoe
418 1312 528 1368 monte
550 1305 648 1368 hahet
672 1305 877 1389 domieilinm,
898 1305 961 1370 sed
979 1307 1107 1370 solum
1136 1311 1205 1366 sont
1226 1297 1260 1392 iri

156 1412 353 1475 monasteria
392 1409 657 1474 Christianorum.
724 1411 818 1474 Unde
841 1411 978 1493 quadam
1021 1414 1114 1476 vioe
1149 1413 1196 1471 int

156 1515 370 1580 sarracenum
392 1515 470 1578 mihi
491 1515 703 1598 familiarem,
729 1533 787 1578 eur
808 1534 872 1578 non
892 1517 999 1600 potius
1035 1519 1080 1578 iu
1114 1415 1262 1622 mentm

156 1618 364 1684 aedificarunt
389 1619 453 1682 sibi
473 1619 601 1704 domus,
623 1639 720 1703 wem
740 1621 775 1683 in
795 1617 1008 1685 Jerusalem?
1034 1617 1263 1703 respondit‚qr

155 1733 285 1808 propter
316 1741 472 1808 aquarum
502 1725 665 1790 defeetum
701 1724 869 1788 desolatus
902 1735 953 1788 est
982 1743 1089 1789 mons
1124 1699 1263 1808 Synad

155 1830 284 1895 iaeilias
305 1838 337 1892 et
359 1831 523 1915 copiosius
551 1831 712 1894 hahentur
740 1848 843 1913 aquae
868 1831 904 1894 in
932 1831 1157 1912 Jerusalem,
1188 1795 1264 1908 quil

154 1936 256 2020 Syen.
299 1936 341 1998 Et
363 1935 447 2000 iorte
468 1936 559 2002 Deus
593 1937 639 1998 ita
673 1934 848 2018 disposuit,
876 1945 912 2001 nt
942 1955 1050 2021 aquae
1075 1919 1265 2006 Senatorii

153 2051 262 2105 monte
283 2043 346 2104 hoa
374 2051 489 2107 saneto
509 2041 672 2122 deliniant,
695 2041 811 2122 quibus
833 2047 942 2104 tamen
964 2041 1156 2106 Christiani
1176 2035 1266 2135 imi

156 2153 268 2208 tentes
284 2145 458 2208 abundant.
500 2147 599 2209 Mons
621 2144 675 2207 ille
695 2145 871 2210 altissimus
878 2191 889 2228 ,
916 2165 984 2211 non
1015 2147 1158 2230 quidem
1183 2153 1267 2222 resptssi

153 2253 309 2316 montium
336 2269 396 2334 per
424 2251 610 2334 circuitum,
640 2251 790 2332 quamvis
819 2259 852 2313 et
882 2251 975 2317 altior
1005 2248 1265 2326 menenensis

152 2358 223 2436 (B)
251 2367 402 2440 respectu
441 2358 597 2420 montium
631 2362 834 2421 remotorum.
886 2356 1046 2420 Videntur
1082 2355 1172 2422 enim
1202 2357 1269 2432 nont¹

153 2464 294 2528 Arabiae
315 2466 349 2525 in
373 2470 482 2526 monte
500 2461 593 2545 Syon
606 2478 681 2524 esse
702 2459 846 2543 demissi,
865 2479 939 2525 eum
959 2470 1069 2525 tamen
1090 2465 1162 2525 sint
1173 2445 1269 2519 altena

152 2577 185 2632 et
207 2569 305 2630 multo
327 2568 423 2631 altior
444 2575 495 2630 est
516 2583 608 2630 mons
629 2563 722 2648 Syon
742 2565 883 2632 Arabiae
904 2568 1076 2631 montibus.
1136 2563 1268 2628 Correo

154 2673 288 2736 fratrum
310 2672 466 2733 minorum
485 2680 538 2732 est
557 2672 592 2733 in
613 2671 684 2734 loeo
702 2671 940 2754 amoenissimo,
963 2672 1166 2736 suavissimo
1180 2675 1208 2730 et
1222 2661 1267 2724 on

153 2777 235 2837 simo
267 2774 404 2835 looatus.
446 2772 535 2836 Ante
569 2793 678 2838 eorum
714 2775 887 2840 adventum
915 2779 949 2838 in
977 2779 1159 2842 Ierusalem
1187 2763 1269 2834 eratl

152 2877 344 2942 Conventus
366 2876 603 2942 Canonieornm
635 2881 845 2964 regularium,
867 2881 927 2946 sed
949 2892 1024 2965 post
1055 2893 1164 2948 terrae
1188 2879 1268 2940 smel

151 2983 359 3046 amissionem
380 3000 438 3047 rex
466 2981 599 3046 Siciliae
621 2988 699 3048 emit
726 3005 746 3049 a
777 2986 920 3052 Saldano
950 2987 1056 3052 loonm
1083 2991 1174 3054 illum
1203 2973 1269 3042 moti

40 3167 41 3172 ἵ
150 3087 255 3174 Syon,
277 3096 311 3151 et
338 3086 496 3172 aspellam
515 3087 546 3152 h.
568 3087 716 3171 Virginis
737 3092 771 3154 in
792 3093 880 3156 valle
899 3095 1068 3179 Iosophat,
1097 3106 1131 3160 et
1152 3083 1269 3154 anacletiu

148 3195 441 3260 Bethleemitanum
463 3213 537 3259 eum
565 3199 770 3280 montanerio,
791 3208 825 3261 et
844 3200 933 3264 dedit
953 3219 1011 3284 pro
1033 3202 1084 3264 his
1113 3204 1148 3264 in
1172 3194 1269 3280 prompt

148 3323 226 3368 auro
268 3302 404 3386 triginta
430 3301 493 3366 duo
522 3301 611 3366 milia
629 3301 815 3366 dnoatorum
839 3306 964 3388 probati
985 3305 1140 3388 ponderis
1159 3311 1189 3365 et
1205 3305 1269 3360 trus

149 3409 242 3472 duxit
261 3409 304 3472 ad
325 3417 466 3472 montem
479 3407 572 3492 Syon
594 3407 711 3471 fratres
722 3410 872 3488 minores,
894 3410 1097 3474 committens
1110 3414 1159 3474 eis
1177 3407 1269 3468 losoni

148 3513 383 3594 praedictorum
405 3514 647 3597 possessionem
671 3521 703 3573 et
724 3514 878 3596 regimen.
901 3514 1112 3580 Undeetiam
1129 3499 1269 3600 Papt⁵⁰ll

146 3616 331 3696 frequenter
347 3614 545 3684 Gordianum
566 3619 685 3682 montis
704 3616 795 3700 Syon
815 3621 986 3684 instituere
1007 3607 1269 3704 provisoremtotitt

147 3717 289 3781 Orientis
310 3719 470 3784 eeclesiae
502 3723 624 3788 latinae
645 3724 690 3786 ihi
711 3723 868 3806 degentis.
911 3728 955 3790 nt
977 3728 1125 3810 ingentia
1145 3710 1269 3810 ,evasi

145 3822 266 3886 hahent
295 3823 413 3886 iratres
433 3825 481 3888 illi
502 3845 524 3890 a
550 3828 686 3896 summis
717 3829 941 3915 pontificibus,
968 3832 1009 3894 de
1055 3832 1174 3916 qubus
1200 3823 1269 3887 diff*

145 3946 210 3990 riou
227 3934 279 3990 est
300 3927 402 3988 nostri
421 3931 589 4011 propositi.
630 3932 730 3997 Porro
750 3934 943 4000 Conventus
964 3937 1088 4000 montis
1109 3935 1194 4018 syn
1210 3927 1269 4006 ,spa

144 4041 221 4098 suot
246 4032 327 4096 satis
354 4029 487 4111 striata,
514 4052 617 4114 parva
655 4039 812 4120 aeolesia,
842 4044 975 4104 strietos
1001 4041 1159 4122 ambitos,
1187 4036 1269 4121 ptm'

143 4137 253 4200 sellae.
276 4135 317 4200 llt
339 4134 489 4216 qrramvis
510 4134 624 4198 domus
641 4139 685 4201 ait
707 4157 820 4224 parva,
841 4142 962 4226 degeat
976 4154 1086 4211 tameat
1106 4133 1264 4210 eemnfflthi'
