2768 4780
691 165 755 228 298

133 349 234 430 vasis,
256 348 424 410 mittentes
446 361 503 408 eos
513 345 669 409 ministris
690 343 848 408 idolorum
869 347 903 408 iu
924 347 1055 431 templa,
1078 355 1111 410 at
1140 349 1319 412 sanaban-

133 461 193 516 tur.
215 503 218 510 ,
237 450 294 513 SIc
316 457 350 512 et
370 450 417 514 illi
437 451 600 514 criminosi
623 451 746 514 faciunt
767 450 871 514 bodie.
895 451 961 514 Est
983 453 1069 518 enim
1092 463 1180 518 retro
1203 454 1317 518 locum

133 557 330 620 inventionis
357 566 491 620 sauotre
528 553 627 635 (ne
638 555 693 637 Α)
722 556 830 620 crucis
861 557 1051 622 correavites
1081 558 1249 641 protunda
1283 560 1319 622 iu

134 679 223 744 rupe,
243 679 327 746 queo
349 661 473 743 repleta
501 669 556 724 est
582 663 691 726 berbIs
716 671 750 726 et
771 663 873 726 comis
897 663 1070 726 bominum.
1092 665 1135 727 Et
1156 666 1317 748 quemvis

135 767 318 850 Sarracerri,
341 767 448 850 numi,
470 787 535 832 nou
555 766 701 850 credent,
733 749 951 832 eturttur'tam
972 769 1028 832 Illo
1062 767 1135 832 loce
1172 777 1206 832 et
1240 769 1317 832 loco

136 872 310 938 Calcariae
329 889 389 954 pre
411 873 480 936 suls
501 873 793 955 superstitionibus
829 876 866 936 Iu
887 874 943 938 ille
964 891 1066 958 specu
1080 881 1144 936 est
1168 875 1319 956 optimus

134 996 235 1042 sonus
257 987 290 1040 et
312 978 508 1060 resonantia,
532 975 626 1059 cujus
647 980 785 1044 simiIeur
808 997 873 1041 uon
893 978 1004 1042 audivi
1026 980 1061 1042 in
1082 980 1190 1062 aIIquo
1210 981 1317 1043 choro

134 1085 188 1148 vol
212 1085 364 1150 ecclesie.
404 1081 500 1146 Unde
521 1083 705 1167 aitquoties,
728 1082 857 1167 quaudo
878 1084 971 1148 solus
990 1086 1025 1148 iu
1061 1103 1101 1146 eo
1123 1084 1189 1166 iul,
1212 1084 1318 1167 plene

135 1194 169 1248 et
190 1187 255 1249 alte
274 1205 357 1251 voce
379 1190 511 1254 cantavi
533 1189 730 1271 antiphonas
749 1188 793 1252 de
815 1190 1005 1256 inventione
1036 1197 1172 1254 sunctee
1204 1191 1319 1252 crucis

136 1299 169 1352 et
191 1293 343 1376 hymnos.

135 1521 195 1597 Dc
219 1523 448 1628 sanctissimo
478 1531 599 1600 monte
621 1521 829 1617 calvariae,
853 1524 890 1598 iu
917 1547 986 1624 quo
1005 1521 1184 1602 Dominus
1196 1521 1315 1598 Iesus

529 1643 723 1720 crucifixus
748 1645 934 1748 pependit.

221 1825 464 1890 consummans
486 1828 645 1911 omnibus,
668 1847 752 1912 quae
774 1826 902 1911 agenda
917 1837 1009 1890 eraut
1030 1829 1064 1888 iu
1081 1845 1183 1909 specu
1204 1844 1313 1909 sacro,

138 1949 213 1996 mox
234 1930 366 1998 deloco
387 1933 593 1998 escendimus
616 1941 648 1996 et
673 1953 731 2016 por
753 1934 872 1996 ostium
900 1932 1011 2015 templi
1039 1933 1215 2015 reingressi
1251 1949 1314 1994 su·

138 2055 234 2122 mue,
260 2049 292 2101 et
323 2042 559 2102 circumeuntes
591 2047 703 2100 centor
732 2038 798 2099 elta
832 2053 917 2100 voce
948 2034 1113 2101 inchoavit
1136 2039 1312 2120 hymnum:

138 2137 271 2206 Vexilla
292 2147 379 2228 regis
399 2145 570 2227 prodeunt,
591 2145 707 2226 fulget,
731 2151 794 2206 etc.
837 2143 880 2203 Et
903 2157 977 2204 cnm
995 2141 1053 2205 illc
1086 2151 1184 2206 cantu
1204 2159 1316 2224 nsque

139 2245 181 2308 ad
201 2265 374 2312 ascensum
397 2252 594 2312 sanctissimi
617 2249 735 2312 monti·
762 2244 936 2340 Calcarioe
957 2247 1129 2331 vehimus3
1157 2250 1192 2309 iu
1212 2237 1315 2330 quem

139 2351 252 2416 XVIII
272 2356 425 2438 gradibus
447 2356 582 2439 lapideis
605 2353 811 2418 escendimus
832 2351 873 2415 eb
894 2351 1039 2414 inferiori
1072 2353 1214 2417 scelesta
1233 2369 1315 2416 sur-

139 2473 211 2519 sum
240 2468 273 2521 et
304 2464 472 2546 superius,
500 2464 534 2524 in
563 2480 660 2524 uuam
682 2457 842 2540 lucidam,
864 2455 1047 2540 pulchram,
1069 2476 1227 2523 marmore
1247 2477 1315 2540 po-

140 2559 198 2624 lito
219 2570 253 2625 et
273 2567 364 2630 'varIo
387 2573 531 2630 ornatam
551 2566 707 2649 cepellem
729 2564 890 2644 venimus,
908 2563 942 2625 iu
966 2579 1032 2646 que
1048 2564 1169 2628 multae
1185 2562 1315 2646 pende-

140 2665 218 2728 baut
246 2668 411 2751 temperies
442 2671 596 2734 ardentes
626 2679 659 2732 et
687 2671 749 2733 tria
777 2669 823 2732 ibi
852 2667 967 2731 elterie
999 2671 1132 2732 stebant
1159 2667 1315 2731 decorata

139 2772 276 2853 picturis
295 2774 337 2836 de
358 2795 455 2857 opere
477 2777 639 2859 musaico,
662 2784 695 2836 et
716 2780 788 2836 eret
810 2773 937 2856 cepelle
970 2771 1011 2834 de
1039 2791 1136 2855 opere
1164 2773 1313 2836 arcuerie

141 2875 239 2960 lecta,
258 2879 291 2940 in
313 2880 417 2943 medio
440 2880 588 2944 columna
610 2897 790 2943 marmorea
801 2885 1007 2942 sustentante
1026 2877 1218 2942 udillcium.
1239 2877 1312 2940 Sub

141 2997 219 3043 arcu
246 2983 420 3047 testudinis
447 2985 565 3068 depicti
592 2995 684 3049 eraut
711 2984 819 3048 David
840 2992 875 3046 et
896 2983 1058 3054 Salomon.
1106 2983 1313 3065 Davidqui-

141 3084 215 3148 dem
237 3103 309 3150 cum
332 3089 388 3152 illo
408 3107 527 3153 versu:
557 3091 611 3172 qui
637 3091 752 3154 edebet
772 3107 876 3174 panes
897 3107 988 3154 meos
1011 3089 1170 3172 magnific.
1212 3087 1312 3151 Selo-

140 3209 215 3252 mon
247 3201 354 3256 autem
375 3213 447 3258 cem
483 3195 555 3259 illo:
581 3197 761 3279 supientiae
792 3193 977 3258 aedificavit
1013 3194 1076 3256 sibi
1102 3193 1245 3276 domem3
1274 3201 1312 3256 et

141 3296 236 3379 signe
262 3299 489 3364 immolationis
522 3303 626 3364 Isaeo.
680 3303 773 3364 Ilaec
804 3300 930 3384 capelle
962 3307 1013 3361 ost
1042 3315 1142 3382 super
1168 3308 1310 3362 montem

140 3399 313 3466 Calvariee
334 3406 513 3470 aedificate.
558 3405 639 3471 Cum
664 3425 776 3470 omues
798 3409 832 3470 in
854 3423 926 3469 eem
949 3406 1165 3487 venissemus,
1186 3413 1220 3467 et
1244 3406 1308 3468 iam

141 3504 183 3566 ed
204 3509 332 3571 oculum
353 3513 448 3574 uobis
470 3511 694 3576 ostenderetur
714 3521 806 3595 petre
826 3509 883 3574 ille
903 3510 1082 3594 miubnis,
1101 3529 1198 3593 rupes
1219 3509 1309 3574 desi-

143 3610 305 3694 derabilis,
326 3616 481 3698 scopulus
502 3617 660 3700 amabilis,
682 3618 765 3701 lepis
786 3617 967 3700 leodobilis,
989 3633 1104 3680 saxum
1124 3615 1309 3678 venerabile

139 3733 212 3778 cum
233 3722 401 3799 spectabili
423 3722 588 3803 toramiue,
609 3727 644 3784 iu
666 3741 729 3805 quo
751 3723 958 3786 saumissima
978 3737 1059 3784 crux
1089 3738 1163 3784 cum
1186 3719 1306 3784 Cruci-

139 3820 204 3886 lixo
226 3823 332 3887 iuerat
354 3826 474 3908 infixa,
501 3833 538 3888 ct
564 3827 645 3890 baec
675 3829 881 3913 intueremur,
912 3825 1073 3911 perterriti
1102 3827 1308 3890 vehementer

139 3933 174 3988 et
193 3931 344 3992 concussi
365 3950 386 3994 a
406 3937 495 3994 tente
516 3933 698 4015 sanctitate,
719 3935 811 4016 proni
833 3935 866 3997 iu
899 3941 1019 3996 mrem
1054 3929 1233 3994 cecidimus
1272 3933 1304 3993 in
1362 3983 1363 3990 ,

139 4030 239 4096 iacies
260 4043 400 4118 nostres,
423 4045 455 4098 et
476 4035 540 4098 iam
553 4055 618 4100 nou
628 4037 820 4102 audiebatur
841 4047 967 4122 cautus,
982 4036 1042 4100 sed
1064 4037 1223 4120 plauctus,
1243 4054 1307 4099 uon

137 4137 287 4220 hymnus,
309 4140 368 4201 sed
390 4141 484 4204 fletus
506 4150 539 4202 et
562 4143 713 4206 ululatus.
759 4145 879 4210 Nullus
898 4147 943 4208 ibi
964 4152 1044 4225 erat,
1070 4143 1126 4225 qui
1148 4159 1186 4204 se
1198 4149 1306 4224 posset

139 4242 329 4325 alacrymis
354 4253 387 4306 et
407 4246 581 4330 gemitibus
602 4249 784 4333 continere,
807 4253 881 4333 quis
904 4251 988 4314 enim
1021 4257 1085 4310 tem
1109 4247 1224 4311 durum
1253 4265 1308 4311 cor
