2608 4842
682 55 746 122 sto

125 241 295 323 congavisi
314 253 427 302 sumus
443 245 555 300 nostro
581 235 763 319 mianton,
784 246 819 299 et
840 233 957 298 dulces
976 231 1163 296 laetitiae
1180 229 1264 312 iacun

126 361 200 408 eum
221 343 320 406 alacri
341 351 439 406 cantu
461 339 671 410 reddidimus.
692 342 735 406 lit
755 341 879 404 merito.
912 337 1009 400 Nam
1024 333 1216 400 Salvator
1232 357 1270 397 m

124 447 243 529 Jesus,
265 455 340 529 post
360 446 457 513 fletus
476 453 511 507 et
532 445 691 531 tristitias,
713 455 789 534 post
804 444 976 510 illusiones
999 450 1048 504 et
1078 443 1244 522 verbere
1257 461 1274 522 p.

125 554 211 614 aceti
233 560 266 615 et
296 550 384 614 fellis
406 549 539 632 poeula,
563 555 639 638 post
667 545 828 630 supplicia
849 549 958 610 erneis
979 553 1025 608 et
1056 545 1241 628 vulnera,
1264 567 1283 626 p.

125 659 229 739 ipsam
251 653 424 720 terribilem
448 661 600 736 mortem,
621 661 697 735 post
718 651 958 719 lamentabilem
979 649 1287 733 sepulturam,p

125 761 324 830 internorum
357 765 392 821 ot
425 757 635 822 aeternalium
665 757 867 824 tenebrarum
910 755 1235 840 penetrationem,
1267 773 1299 836 pr,

128 847 305 930 ferreorum
336 864 479 928 vectium
510 859 748 944 effractionem,
788 869 863 942 post
903 859 1084 948 principis
1130 861 1299 920 tenebrare

127 971 325 1054 ligationem,
346 976 380 1030 et
400 967 540 1030 omnium
561 967 735 1030 electorum
756 973 882 1046 petrum
905 965 1202 1045 absolutionem,
1225 963 1299 1030 exit

129 1093 225 1158 quem
247 1075 409 1138 ceruimus
438 1071 562 1134 tumulo
580 1071 744 1154 gloriosus
766 1070 979 1152 triumphator
995 1074 1196 1154 surrexit,
1224 1067 1299 1138 exit

128 1195 270 1244 coverne
300 1179 475 1244 tenebrose
505 1185 628 1240 untur·
667 1175 775 1240 lumen
808 1176 954 1258 emicuit,
993 1184 1140 1239 tantus
1192 1173 1299 1254 splenii

128 1285 249 1366 illuxit,
282 1290 395 1350 tantus
428 1281 549 1348 candor
580 1279 795 1366 resplenduit,
827 1287 917 1342 tenta
951 1283 1152 1344 serenitas
1194 1276 1299 1358 radium

129 1397 219 1452 tanta
235 1387 424 1470 jocunditas
445 1385 574 1476 prodiit,
596 1392 690 1452 tanta
709 1385 799 1448 salus
817 1385 966 1468 spiravit,
987 1393 1026 1446 nt
1037 1385 1223 1450 exultent
1242 1381 1299 1442 sin-i

128 1501 232 1572 terra,
253 1501 371 1574 pontus
404 1499 437 1555 et
459 1492 580 1559 aether.
613 1492 651 1552 In
671 1490 735 1552 hec
756 1508 895 1578 namque
926 1489 1126 1572 sepulehro
1156 1497 1196 1554 et
1216 1488 1299 1566 engen

129 1597 257 1684 tugurio
280 1604 436 1662 renovata
456 1603 510 1662 est
527 1595 684 1677 inventus
706 1595 855 1681 aqueae,
882 1593 933 1659 leo
955 1595 1120 1659 catulum
1142 1595 1299 1660 suscitas

130 1702 272 1784 phoenix
294 1700 420 1780 revixit,
441 1700 546 1766 Jonas
568 1699 742 1763 devenire
763 1701 828 1764 ceti
848 1699 982 1764 illaesus
1005 1703 1144 1783 exivit,
1174 1697 1291 1764 vestitui

127 1814 181 1870 est
213 1804 440 1874 carrdelahrum
474 1821 569 1887 auro,
607 1802 845 1868 tubernaculum
877 1804 1004 1890 David,
1053 1804 1161 1890 quod
1196 1798 1292 1864 cecidi

130 1915 323 1980 surseitatum
345 1918 411 1991 est,
439 1907 566 1976 refulsit
587 1907 647 1990 sol,
673 1909 729 1990 qui
749 1910 839 1990 prins
861 1912 979 1975 eratin
1001 1910 1141 1994 nubilo,
1169 1904 1299 1970 vivifici

129 2026 197 2082 tum
226 2023 280 2083 est
300 2033 437 2098 granum
471 2012 637 2093 humenti,
668 2013 756 2095 quod
781 2015 954 2085 interram
982 2016 1119 2082 adens
1157 2020 1290 2078 mortuui

129 2125 250 2204 iuerat,
273 2136 391 2184 cervus
414 2117 569 2185 resumsit
586 2135 727 2200 menna,
741 2118 889 2192 Samson
910 2122 981 2186 tulit
1003 2131 1126 2204 portas
1151 2129 1188 2183 et
1207 2113 1285 2178 eresi

129 2247 188 2320 per
208 2223 392 2324 custodies,
410 2221 536 2305 Joseph
562 2221 700 2290 ednotus
721 2223 762 2286 de
783 2242 915 2292 carcere
934 2226 1089 2292 tonditur
1111 2235 1152 2290 ce
1175 2224 1287 2287 dacore

129 2342 182 2400 tur
223 2338 257 2392 et
288 2329 439 2396 Mindius
470 2329 615 2413 Aegypti
645 2331 858 2398 constituitur.
902 2329 1031 2398 Saccus
1063 2330 1199 2400 Christi
1227 2325 1282 2388 iet

130 2435 325 2517 conciditur,
348 2443 382 2495 et
409 2433 531 2502 laetitia
552 2433 784 2517 circumdatur,
818 2443 850 2496 et
871 2453 944 2498 cum
976 2436 1030 2498 his
1064 2437 1227 2502 omnibus
1251 2429 1285 2489 hit

130 2539 430 2612 nostra-leboriosa
457 2540 674 2622 peregrinatio
703 2548 736 2600 et
765 2539 910 2606 taediosa
939 2541 1098 2624 evagatio
1134 2541 1282 2606 finiturd

130 2648 300 2730 quietatur.
351 2642 561 2732 Depouemus
593 2661 670 2726 ergo
701 2647 839 2714 obsecro
870 2647 904 2708 in
934 2647 998 2710 hoe
1025 2645 1104 2710 loeo
1138 2643 1284 2730 pessino

130 2750 280 2816 tristitiae
300 2745 467 2830 querelas,
489 2766 529 2812 ae
550 2749 659 2812 nubile
680 2753 844 2834 moeroris,
866 2749 967 2833 (llil
978 2750 1033 2833 Α)
1059 2760 1097 2814 et
1120 2754 1158 2816 in
1183 2743 1281 2818 laetitir

130 2855 327 2934 respiremus
347 2867 508 2935 screnum,
525 2863 557 2915 et
577 2854 633 2936 qui
653 2855 770 2920 iuuere
790 2857 981 2926 redemtoris
1002 2860 1113 2924 nostri
1136 2847 1299 2998 prosecuti,

128 2972 243 3022 snmus
263 2955 474 3040 cumdolore,
495 2977 581 3028 nunc
602 2958 643 3020 de
663 2961 767 3042 ipsius
788 2963 1032 3029 resurrectionis
1052 2961 1167 3044 glorie
1184 2963 1280 3046 joen-

129 3063 250 3134 demur.
272 3060 393 3125 Venite
407 3077 485 3144 ergo
506 3081 547 3132 te
563 3064 660 3134 simol
685 3066 921 3148 conglobemint
939 3067 1059 3132 milites
1080 3077 1118 3130 et
1135 3057 1279 3150 peregrini
1298 3129 1299 3152 ,

128 3169 275 3249 hnmani,
294 3165 500 3249 sepulchrum
519 3171 764 3234 sanctissimum
788 3173 991 3256 ingredimini
1012 3179 1044 3234 et
1068 3173 1206 3254 videte,
1226 3183 1278 3230 ιιι·
1298 3153 1299 3164 ’

128 3276 223 3346 nibus
245 3273 380 3356 tangito,
401 3291 464 3346 ore·
479 3275 658 3358 contingitur
676 3276 793 3360 locum,
819 3279 871 3344 ubi
892 3279 1020 3360 pesitus
1038 3286 1110 3340 eret
1122 3277 1273 3342 nomon.
1298 3287 1299 3332 t

127 3382 242 3469 itaque
263 3398 336 3448 cum
355 3377 478 3446 laetitia
498 3379 640 3466 mgressi
659 3399 772 3448 snmus
792 3401 877 3444 unns
898 3391 973 3465 post
993 3382 1093 3452 dium
1113 3384 1150 3448 in
1173 3379 1277 3446 ἀιιίιίι·

127 3484 243 3552 ,ιίιιιιιιιι
275 3482 406 3554 Domini
437 3483 521 3549 Jesu
554 3483 780 3568 sepulchrum,
811 3494 847 3548 et
878 3487 1016 3552 leeelum
1051 3489 1299 3552 sanctissinuml

128 3585 339 3654 devotissime
361 3589 539 3656 deosculati
561 3607 682 3673 snmus,
699 3600 731 3652 et
752 3590 971 3674 indulgentias
989 3590 1200 3674 plenissimae
1209 3585 1273 3672 sti]

128 3691 328 3757 remissionis
355 3695 495 3762 omnium
538 3705 742 3778 peecatorum
777 3699 970 3778 accepimus,
1025 3695 1270 3779 Singolmissino

128 3794 213 3864 euim
234 3795 353 3877 gaudie
378 3797 628 3884 effectiluimus,
649 3802 724 3885 plus
743 3821 840 3889 quam
861 3805 896 3865 in
917 3803 1057 3866 materis
1077 3801 1168 3866 locis
1197 3798 1270 3868 Unde
1298 3881 1299 3888 ἵ

126 3899 377 3968 &inhermem
396 3919 546 3969 mamone
565 3904 607 3968 ad
623 3907 742 3972 milites
763 3907 874 3990 templi
890 3905 927 3970 G.
938 3909 980 3972 11.
1002 3906 1183 3991 dioit,qucd
1202 3909 1267 3970 inni

127 4015 242 4069 sancte
272 4013 307 4078 et
336 4004 562 4078 desiderabilia
591 4008 664 4074 lnea
695 4013 900 4094 sepulchnim
938 4021 1029 4076 tenet
1057 4008 1266 4093 quodammodo
1298 4077 1299 4094 ,

127 4109 354 4188 principatum,
388 4115 424 4169 et
453 4108 633 4176 devotione
663 4115 737 4204 plns
779 4119 892 4184 noscis
929 4116 1007 4210 qnid
1038 4116 1186 4198 sentitur,
1224 4115 1262 4178 ubi
