2780 4776
593 191 656 315 aql

41 371 209 438 exstinctis
231 371 414 457 luminibus,
435 375 480 436 ita
501 373 588 456 qnod
616 375 650 437 in
668 383 734 438 toto
757 374 874 458 templo
902 391 967 439 non
996 385 1086 440 esset
1117 376 1209 440 soto-

41 478 120 561 tilla,
152 496 228 541 mox
249 477 322 559 (B)
340 478 427 541 clero
442 483 601 542 cantante
621 487 654 542 et
675 479 793 562 populo
812 479 1057 562 orante'fulgur
1077 489 1209 564 reponte

42 579 82 645 de
105 582 195 646 coelo
215 581 344 665 cecidit,
367 591 399 644 et
422 583 575 666 templum
597 586 691 666 quasi
707 587 837 667 igneum
848 582 997 667 reddidit,
1019 583 1101 649 adeo
1122 585 1209 670 quorl

40 705 133 750 nemo
153 687 202 749 ihi
223 687 433 750 existentium
452 687 619 750 intendere
640 688 743 752 valuit
766 690 801 751 in
823 687 946 752 radium
965 688 1056 751 illnm
1077 690 1209 756 coetes-

40 799 115 875 tem,
137 809 201 874 quo
223 791 312 853 radio
332 809 448 854 cerens
465 792 629 874 paschalis
650 791 897 876 incendebatur,
927 801 961 854 et
991 799 1108 857 omnes
1126 795 1210 860 lom-

39 895 140 978 pades
162 902 196 958 et
217 895 382 958 carrdelue.
425 898 499 960 Hoc
521 897 606 960 iacto
628 898 779 961 abcessit.
822 900 895 960 Hoc
912 897 1101 962 miraculum
1122 900 1210 964 mul-

40 1000 83 1062 tis
104 1001 199 1062 annis
232 1001 383 1084 contigit,
416 1008 448 1062 et
476 1009 646 1084 postquam
679 1004 833 1086 cessavit,
864 1005 973 1070 statim
1002 1003 1210 1086 sepulchrum

39 1105 168 1168 Domini
189 1107 224 1168 in
241 1122 356 1167 manus
377 1108 521 1188 gentium
545 1107 662 1168 evenit.
706 1107 828 1171 Dicunt
848 1109 965 1190 etiam,
988 1107 1076 1191 qnod
1097 1109 1209 1172 ultimo

41 1219 126 1273 terra
147 1218 262 1272 sancta
283 1219 471 1296 recuperata
490 1211 585 1293 'ignis
613 1211 669 1272 ille
705 1212 858 1274 caelestis
890 1211 1002 1296 rediit,
1026 1223 1059 1275 et
1079 1230 1210 1276 cereum

41 1313 192 1378 incendit.
245 1313 313 1376 Sed
333 1315 405 1398 ipso
437 1333 502 1378 non
532 1317 685 1378 veniente
712 1315 888 1379 Christiani
915 1318 1044 1380 luerunt
1077 1317 1206 1400 repulsi.

38 1419 98 1484 list
120 1421 205 1482 enim
219 1417 412 1484 Christianis
434 1420 638 1483 menifestum
660 1421 800 1504 siguum,
822 1422 851 1484 si
871 1421 958 1504 ignis
979 1421 1034 1484 ille
1043 1420 1209 1504 paschalis

40 1525 240 1608 apparuerit,
274 1523 360 1606 quod
388 1523 478 1608 (ligni
508 1533 584 1588 sunt
611 1526 806 1588 habitatores
841 1525 982 1588 civitatis
1010 1533 1158 1588 sanctae
1174 1533 1210 1588 'et

39 1629 250 1711 possessores
270 1628 420 1692 dominici
432 1629 613 1727 sepulchri.
658 1628 695 1692 Si
716 1649 780 1692 non
799 1639 954 1713 apparet,
982 1633 1128 1713 potentia
1150 1649 1210 1694 eo·

43 1754 123 1818 rum,
146 1735 274 1796 etiamsi
295 1741 372 1796 actu
391 1715 592 1816 poss'itlenut,
615 1734 768 1797 durabilis
783 1733 907 1798 nonest
927 1735 961 1799 in
976 1744 1062 1798 terra
1082 1743 1207 1800 sancta

39 1837 148 1902 Hodie
161 1836 347 1920 Christiani,
358 1842 415 1922 qni
429 1839 549 1903 suntin
563 1838 757 1920 Jerusalem,
776 1858 895 1901 omnes
899 1840 933 1901 in
945 1841 1058 1922 vigilia
1067 1841 1211 1923 paschae

41 1944 177 2006 veniunt
202 1943 236 2005 in
258 1942 432 2026 templum,
465 1955 498 2006 et
518 1945 637 2007 Graeci
657 1942 824 2006 includunt
836 1962 932 2006 suum
953 1944 1154 2006 sacerdotem
1175 1947 1209 2008 in

40 2057 280 2112 monumentum
291 2047 420 2111 Domini
441 2066 514 2111 cum
537 2048 672 2112 candela
695 2048 866 2130 exstincta,
888 2067 985 2131 quam
995 2066 1068 2111 cum
1091 2063 1209 2132 magno

39 2151 181 2217 clamore
202 2154 324 2236 prolert
344 2171 527 2236 accensam,
551 2153 591 2216 de
612 2171 678 2236 qua
699 2171 812 2216 omnes
833 2152 1000 2235 lampades
1021 2154 1210 2218 accendun-

41 2266 100 2322 tur.
145 2257 222 2322 Non
250 2266 356 2324 autem
388 2258 581 2322 miraculose
610 2256 816 2340 accenditur,
843 2258 903 2320 sed
934 2266 1015 2341 arte,
1050 2263 1202 2344 quamtis

39 2362 179 2446 simplex
200 2363 320 2446 vulgus
342 2362 459 2426 clamet
480 2363 514 2425 in
532 2362 668 2445 coelum,
688 2363 794 2425 Deum
817 2361 969 2445 laudans,
992 2367 1087 2450 quasi
1108 2367 1211 2428 mira-

41 2468 150 2531 culum
169 2468 214 2530 sit
235 2467 369 2551 facturn,
394 2469 491 2532 etita
513 2467 681 2550 divulgant
702 2465 787 2549 apud
808 2467 946 2548 plebem,
967 2477 1000 2530 et
1011 2469 1110 2532 etiam
1122 2469 1208 2552 apud

43 2571 252 2634 Sarracenos.
275 2572 397 2636 Audivi
418 2592 475 2655 pro
499 2582 598 2656 certo,
620 2571 706 2654 quod
725 2570 901 2662 Sarraceni
922 2571 1039 2656 dicant,
1061 2577 1091 2637 si
1111 2574 1209 2638 Chri-
1235 2624 1239 2632 .

41 2676 139 2738 silani
160 2678 271 2758 ignem
292 2678 477 2760 paschalem
500 2678 541 2741 de
562 2677 652 2740 coelo
673 2677 839 2759 haberent,
861 2685 896 2739 nt
918 2676 1038 2760 dicunt,
1060 2679 1153 2740 nohis
1175 2689 1210 2742 et

40 2781 81 2842 de
102 2783 166 2844 hoc
185 2783 412 2866 certificarent,
434 2783 474 2845 ad
487 2782 652 2848 Christum
671 2782 819 2845 converti
841 2800 989 2844 essemus
1010 2783 1123 2865 parati.
1141 2781 1210 2844 Sed

41 2887 114 2970 hen,
140 2887 236 2968 signa
257 2895 368 2950 nostra
389 2907 453 2950 non
475 2888 624 2970 vidimus,
647 2890 710 2950 iam
732 2904 796 2948 non
817 2894 869 2948 est
889 2889 1064 2971 propheta,
1094 2896 1127 2950 et
1148 2893 1210 2948 nos

40 3011 104 3054 non
127 2991 285 3073 agnoscet
306 2991 453 3074 amplius.
495 2992 618 3054 Vernrn
646 2991 688 3054 tle
711 2992 768 3053 illa
799 2992 991 3056 miraculosa
1020 2993 1213 3055 incensione

38 3097 126 3178 ignis
148 3094 202 3158 vel
224 3098 310 3160 cerei
329 3096 494 3179 paschalis
515 3097 561 3158 nil
583 3096 722 3178 loquitur
752 3097 951 3181 Jeronymus
983 3097 1017 3160 in
1049 3097 1121 3178 his,
1155 3097 1210 3160 uhi

27 3209 115 3264 'eum
138 3201 214 3282 legi,
235 3219 308 3264 cnm
328 3211 435 3265 tamen
467 3199 564 3264 valde
595 3199 764 3284 pulchrum
781 3211 950 3266 tractatum
978 3210 1013 3264 et
1039 3201 1209 3285 epistolam

39 3305 208 3387 scripserit
230 3306 411 3390 elegantem
434 3307 475 3370 de
496 3307 690 3370 accensione
714 3309 801 3368 cerei
823 3305 989 3388 paschalis
1010 3304 1052 3367 ad
1075 3305 1209 3367 Praesi-

40 3409 139 3492 dium,
161 3409 340 3474 diaconum.
383 3413 457 3474 Nec
479 3409 658 3494 Gregorius
679 3411 851 3494 episcopus
869 3409 1076 3492 Turonensis,
1102 3409 1209 3491 scrip-

40 3522 93 3578 tor
116 3515 318 3596 antiquorum
339 3515 573 3598 miraculorum,
593 3517 681 3578 illius
704 3517 792 3598 ignis
814 3517 893 3580 lucit
914 3514 1116 3578 mentionem.

121 3619 174 3682 De
194 3622 256 3683 hoe
275 3622 352 3704 igno
372 3623 449 3686 vide
465 3622 600 3703 pulchra
621 3620 675 3685 fol.
696 3621 769 3684 att.
790 3631 823 3684 et
854 3638 945 3704 seqq.
998 3619 1131 3682 Praeter
1160 3635 1209 3702 aa,

39 3741 125 3808 qnae
147 3723 233 3788 (licta
256 3733 344 3809 sunt,
366 3727 486 3789 fiebant
507 3728 541 3788 in
562 3725 703 3788 ecclesia
723 3725 798 3787 olim
820 3725 1012 3788 collationes
1042 3733 1074 3785 et
1095 3723 1210 3806 ‹lispu-

38 3831 177 3893 tationes
199 3839 308 3892 contra
329 3831 521 3913 haereticos,
537 3839 570 3892 et
588 3831 758 3892 convocati
774 3830 829 3891 vel
850 3829 926 3892 fidei
948 3829 1124 3892 rationibus
1154 3825 1210 3888 vel

41 3933 207 3998 miraculis
229 3935 459 4016 vincebantur,
488 3941 584 4019 pro'nt
605 3931 751 4017 cyrillus
772 3933 806 3994 in
828 3934 965 4016 epistola
986 3935 1027 3998 ad
1049 3934 1210 4016 Augusti-

41 4056 118 4102 nnm
136 4037 235 4102 refert
257 4039 300 4102 de
319 4041 477 4104 convictis
497 4039 734 4105 haeresiarchis
753 4039 787 4102 in
808 4054 855 4100 aa.
