2640 4792
696 121 762 186 ato

144 311 178 373 in
199 307 309 387 asino,
338 303 509 370 ammodo
531 304 704 382 conventio
731 311 940 386 patronorum
971 321 1044 368 cum
1069 306 1147 372 eis·
1167 312 1304 368 teman

146 423 178 480 at
198 411 284 496 qnod
300 407 439 494 patlibus¹
458 407 617 474 incedens
633 426 697 470 non
720 407 853 490 alonge
866 416 1047 494 sequatur,
1064 408 1170 494 quod
1190 419 1304 492 oporto

144 537 218 584 aum
241 523 442 600 exspectare.
484 513 561 578 ldeo
582 521 702 596 cogunt
722 529 782 576 nos
804 514 913 580 asinos
935 518 1102 598 recipere,
1136 523 1188 578 ut
1212 533 1304 597 semp

144 621 240 690 atmut
262 637 468 702 maneamus,
492 626 527 698 et
545 625 582 684 ut
604 619 676 681 sani
694 617 730 682 iu
752 617 1147 700 Jerusalemveniamus.
1186 617 1232 680 Si
1255 623 1304 682 aar·

143 726 306 814 peregrini
332 723 484 786 deberent
519 743 539 788 a
567 724 651 788 mari
679 722 816 805 pedihus
846 723 1037 789 ambulando
1073 724 1304 788 ascenderet

142 829 345 912 Jerusalem,
377 835 412 890 et
440 826 732 912 pertransireloca
759 835 876 902 sancta
903 831 936 889 in
966 830 1065 892 tantia
1100 830 1304 892 calor-ibaar

142 957 200 1022 per
220 939 307 1000 mam
328 952 499 1002 arenosam
530 935 572 1024 iu.
585 934 839 1016 campestribus,
859 939 893 1012 et
914 951 1061 1016 namnam
1085 937 1125 996 in
1148 939 1304 1001 monnau

142 1046 237 1126 pauci
274 1042 345 1106 vivi
365 1048 551 1123 manerent,
587 1048 619 1102 et
641 1047 771 1122 propter
791 1037 918 1102 calores
939 1048 971 1100 et
992 1040 1083 1108 sitim
1119 1049 1156 1104 et
1182 1040 1304 1102 laborer

140 1150 173 1212 in
195 1147 301 1210 alieno
322 1149 407 1210 aera.
449 1145 586 1230 Insuper
606 1143 794 1228 si-pcdibus
815 1161 874 1227 per
895 1139 965 1210 loca
987 1151 1103 1212 sancta
1124 1142 1304 1209 doberenn

141 1253 315 1336 ambulare,
333 1246 492 1334 quomodo
516 1265 689 1334 possemus
710 1248 840 1314 Arabes
861 1257 893 1311 et
916 1249 1057 1312 rusticos
1078 1253 1117 1312 in
1142 1249 1248 1332 villis,
1263 1251 1302 1332 pu

139 1361 313 1440 irrsnrgunt
332 1363 443 1418 cantra
464 1371 536 1440 nos,
558 1353 711 1437 effugare,
733 1354 788 1443 vel
810 1354 1045 1419 eis'resistero.
1078 1356 1127 1418 Et
1149 1355 1230 1422 ideo
1249 1354 1298 1432 (ll,

137 1481 199 1544 pro
226 1464 309 1533 bono
344 1469 454 1523 nostro
488 1459 703 1542 disponuntur
724 1461 817 1523 nohis
839 1459 982 1543 bestiae,
1013 1467 1048 1521 et
1077 1479 1151 1524 non
1188 1469 1297 1544 propter

139 1567 348 1648 despectum,
379 1573 415 1627 ut
436 1565 603 1648 broxperti
635 1563 781 1629 dicunt·
814 1565 920 1646 Igitur
951 1582 1024 1630 cum
1052 1583 1175 1630 omnes
1205 1579 1295 1628 esaan

138 1672 252 1754 parati,
265 1670 390 1751 patroni
409 1685 486 1756 oum
503 1669 677 1753 praelectis
697 1667 928 1753 processerunt
952 1671 985 1734 in
1007 1673 1102 1756 equis
1128 1672 1293 1754 equitantes

139 1776 181 1838 da
201 1776 296 1857 mari,
319 1780 354 1858 et
379 1789 439 1837 nos
469 1774 503 1838 in
525 1777 629 1839 asiais
657 1776 886 1859 sequebamur,
920 1784 954 1838 et
983 1777 1074 1838 servi
1107 1775 1293 1840 dominorun

137 1881 325 1946 Maurorum
347 1888 423 1962 post
444 1880 634 1964 peregrinos
657 1881 861 1964 equitabant,
892 1889 926 1944 et
947 1882 1081 1944 asinarii
1115 1885 1227 1944 nostri
1249 1896 1292 1942 aas

138 1986 452 2068 concomitabantur3
480 1988 567 2048 etin
588 1985 653 2048 isto
675 1983 786 2047 ordine
807 2003 920 2048 omnes
942 1989 1063 2048 amari
1093 2003 1172 2050 cnm
1195 2003 1291 2067 magua

137 2090 325 2153 festinantia
347 2091 550 2170 recessimus
583 2091 636 2174 ,Et
658 2095 728 2152 erat
749 2091 867 2172 ingens
890 2090 1051 2157 exercitus
1080 2091 1244 2156 collectus
1263 2110 1290 2152 ar

137 2193 329 2276 Sarracenis¹
350 2202 384 2256 et
416 2194 624 2260 Christianis.
667 2195 711 2258 itt
739 2196 897 2258 vertimus
931 2196 1011 2258 mari
1039 2193 1191 2279 dorsum,
1223 2195 1290 2279 qaod

136 2300 242 2384 vergit
263 2294 307 2370 ab,
325 2299 476 2383 aquilone
498 2302 531 2362 in
552 2304 709 2381 austrum,
732 2307 765 2360 et
785 2299 884 2362 habet
897 2299 1025 2382 Joppen
1048 2302 1147 2382 quasi
1169 2302 1289 2364 median

135 2414 271 2488 portum.
314 2403 402 2466 Nam
425 2403 466 2466 ad
489 2412 634 2468 austrum
655 2395 936 2478 habdt‘Jamuiam
960 2413 992 2464 et
1015 2405 1191 2489 Gazaram,
1215 2416 1245 2468 et
1262 2403 1289 2466 al

135 2508 318 2594 aquilonem
339 2507 639 2598 habetCaesarc'am
652 2507 868 2591 Palaestinae,
887 2507 1171 2594 otPtolemaidam,
1184 2511 1287 2594 'l'yrnu

134 2621 166 2676 ot
187 2614 364 2676 Baruthum
385 2622 419 2675 et
441 2614 619 2698 Tripolim,
634 2613 720 2700 ¹haec
741 2612 848 2676 omnia
861 2599 1063 2698 ,reliquimus
1082 2625 1160 2697 post
1180 2615 1287 2680 nosad

135 2736 241 2800 mare,
266 2725 301 2779 et
323 2726 436 2779 contra
457 2717 621 2783 Orientem
643 2722 881 2804 processimus,
912 2737 971 2803 per
992 2725 1110 2782 terram
1129 2720 1287 2800 Phineum,

136 2841 200 2884 non
244 2822 374 2884 omnino
394 2821 542 2904 planam,
564 2822 623 2884 aed
654 2824 791 2898 collibus
813 2823 999 2894 ‚humilibus
1027 2831 1059 2884 et
1089 2823 1286 2896 dissimilibus

135 2927 348 3010 dispositam,
383 2933 417 2988 et
451 2935 502 2992 est
532 2932 618 2994 terra
650 2930 802 3010 bonnet
832 2925 967 3010 fertilis,
998 2927 1086 2990 siin
1118 2948 1166 2994 ea·
1187 2943 1283 2994 essent

134 3031 278 3096 cultores
300 3040 333 3092 et
357 3031 555 3094 habitatores
562 3077 572 3114 ,
605 3042 657 3098 est
678 3019 762 3106 enim
785 3043 872 3096 terra
893 3041 1009 3096 sancta
1028 3049 1088 3119 pro=
1107 3033 1217 3116 majori
1236 3053 1283 3098 sua

133 3145 226 3221 parte
247 3135 387 3205 deserta.
430 3135 513 3200 Cum
536 3135 642 3200 aulem
665 3136 830 3203 dimidium
844 3139 975 3212 ¹miliare
996 3157 1017 3201 a
1040 3138 1119 3200 mari
1137 3156 1283 3222 essemus,

133 3245 283 3309 venimus
312 3242 408 3326 juxta
438 3244 603 3315 civitatem
627 3240 732 3326 Geth,
769 3243 870 3330 quae
889 3243 1050 3328 quondam
1083 3251 1147 3309 orat
1177 3245 1281 3308 civitas

129 3351 453 3416 bellicosissimorum
481 3348 667 3432 gigantum,
699 3346 740 3411 de
766 3366 830 3431 qua
858 3347 992 3436 Goliath
1024 3346 1166 3414 (letheus
1194 3360 1279 3414 natus

133 3455 210 3538 init,
233 3465 276 3537 et,
299 3464 334 3518 ut
355 3456 510 3520 historiae
536 3450 683 3536 tradunt,
717 3452 753 3520 S.
773 3451 1025 3538 christophorus
1052 3454 1086 3516 in
1107 3471 1143 3540 ea
1160 3455 1277 3540 genium

133 3557 209 3638 luit,
242 3567 275 3619 et
296 3557 338 3620 ad
361 3579 470 3644 regem
493 3557 582 3623 Geth
603 3557 751 3640 confugit
771 3557 879 3638 David
900 3578 920 3630 a
942 3559 1026 3624 facio
1055 3557 1145 3648 Sau13
1165 3558 1203 3622 de
1227 3559 1275 3622 illa

131 3660 265 3723 civitate
286 3661 396 3726 dicunt
416 3666 586 3747 historiae,
608 3663 694 3748 qnod
715 3673 830 3729 natura
851 3663 913 3729 loci
934 3665 1000 3751 sit,
1021 3663 1104 3749 qnod
1122 3664 1164 3734 ibi
1181 3681 1273 3748 gena-

131 3774 241 3828 rentur
257 3766 383 3830 feroces
402 3775 436 3829 et
452 3767 553 3833 iortes
571 3771 727 3856 homines,
738 3769 825 3834 unde
847 3769 945 3849 etiam
960 3763 1132 3843 novissimo
1145 3777 1270 3852 tempora

131 3867 307 3934 Christiani
328 3871 426 3946 multo
449 3872 552 3938 offuso
583 3875 744 3958 sanguine
764 3881 919 3962 ceperunt
941 3874 1114 3960 ,civitatem
1132 3873 1267 3956 illamat

130 3974 172 4038 de
193 3994 232 4039 ea
252 3975 375 4060 proelia
396 3976 490 4041 fortia
511 3976 702 4042 Sarracenis
723 3978 913 4064 intulerunt,
935 3976 1062 4056 demum
1089 3981 1150 4044 ean
1166 3979 1263 4044 buon

129 4097 201 4142 cum
215 4097 332 4164 magna
349 4087 459 4164 strage
473 4088 537 4144 tam
550 4079 804 4146 Christianorum
816 4103 912 4168 quam
922 4083 1161 4151 sarracenorum
1170 4085 1263 4168 pardi-

159 4195 261 4249 ··nnt:
286 4203 382 4266 quam
403 4181 551 4246 infideles
565 4187 732 4266 capientes
748 4204 853 4268 usque
872 4187 1037 4278 adflaolum
1056 4187 1259 4276 alestruxeraut,
