2768 4780
611 99 705 204 ⁴aaa

80 320 169 408 quod
210 316 339 406 quaudo
374 317 416 382 ad
458 317 631 382 ecclesiam
681 317 790 380 sancti
845 315 1010 400 sepulchri
1054 316 1251 383 descendere

79 427 190 510 volui,
220 434 253 490 ot
280 423 444 490 orationes
472 439 564 486 meas
585 430 662 486 ante
685 421 805 484 ostium
836 421 946 503 templi
975 420 1099 505 dicere,
1132 424 1162 484 si
1183 418 1252 484 vidi

81 534 173 600 circa
196 545 346 595 carceres
368 536 509 590 armatos
531 527 651 607 stetim,
674 541 849 607 regressus
869 525 926 604 fui,
954 545 997 590 ne
1016 527 1092 590 mihi
1112 526 1252 607 aliquam

81 637 233 722 injuriam
262 632 428 702 inferrent.
472 631 578 694 Credo
602 631 698 694 etiam
727 631 788 694 hos
821 647 971 695 carceres
990 632 1036 694 ibi
1064 630 1251 696 aedificatos

81 747 117 809 iu
139 740 282 808 dedecus
303 737 416 822 templi
449 745 481 798 et
502 735 690 818 hospitalis,
714 742 747 796 et
764 734 798 798 in
820 743 973 800 terrorem
995 735 1247 820 peregrinorum.

165 846 220 909 Ab
241 841 394 926 hospitali
421 859 527 926 usque
555 841 589 902 in
610 839 724 922 templi
745 839 861 904 aldum
889 848 940 904 est
964 858 1067 924 parva
1093 842 1167 925 via,
1188 859 1250 906 neo

80 951 269 1036 prohibetur
300 946 481 1031 peregrinis
513 943 728 1028 descendere,
761 945 910 1025 quotiens
939 944 1053 1010 volunt
1074 964 1132 1029 per
1154 945 1252 1029 diem,

81 1056 148 1126 niel
166 1069 347 1123 concursus
366 1051 556 1135 populorum
578 1050 619 1116 ad
641 1066 789 1115 carceres
810 1048 991 1133 praedictos
1012 1049 1175 1133 impediat.
1211 1050 1250 1112 lu

82 1178 157 1227 area
177 1159 280 1242 prima
299 1157 559 1240 peregrinatione
579 1175 643 1220 non
664 1156 785 1219 fuimus
807 1153 895 1218 ducti
910 1155 950 1218 ad
966 1153 1125 1238 hospitale
1137 1152 1251 1216 Sancti

80 1263 254 1346 Johaunis,
275 1260 334 1327 sed
355 1263 390 1323 in
412 1260 572 1346 quandam
593 1260 721 1325 domum
743 1279 893 1344 magnam
913 1261 946 1324 in
967 1260 1070 1344 Mille,
1091 1263 1153 1324 sub
1175 1275 1252 1325 orca

81 1368 202 1450 David,
216 1385 279 1430 nee
291 1374 478 1449 poteramus
496 1366 538 1429 ad
553 1365 723 1430 ecelesiam
740 1366 845 1428 saneti
860 1365 1024 1447 sepulchri
1041 1364 1250 1446 descendere,

81 1475 148 1539 nisi
167 1473 228 1536 sub
250 1471 354 1534 tulela
373 1470 512 1552 alicujus
534 1469 713 1534 sarraceni.
758 1469 855 1558 Quae
873 1479 982 1534 autem
1005 1488 1123 1538 caussa
1144 1471 1250 1554 suerit,

83 1577 171 1662 quad
193 1577 268 1641 olibi
290 1594 402 1640 sumus
423 1576 530 1660 locati,
552 1593 647 1658 quam
669 1579 704 1636 iu
725 1575 886 1657 hospitali,
903 1575 1027 1657 ignoro.
1049 1575 1123 1638 Hoc
1142 1586 1251 1640 tomen

81 1685 170 1766 seio,
198 1680 284 1764 quod
314 1689 389 1746 ante
418 1697 478 1744 nos
507 1681 671 1762 peregrini
698 1680 809 1744 multis
827 1681 920 1744 annis
935 1681 1063 1744 fuerant
1084 1681 1118 1744 iu
1139 1680 1252 1744 eadem

5 1837 6 1844 ,
82 1787 179 1857 dorne
201 1787 370 1869 hospitati,
390 1786 465 1868 qnia
485 1785 628 1868 parietes
643 1794 736 1850 erant
754 1783 872 1868 depicti
883 1803 956 1848 cum
977 1786 1076 1850 ermis
1097 1785 1251 1850 nobilium

87 1901 288 1973 nostromm,
306 1891 341 1952 iu
362 1906 426 1972 quo
452 1890 579 1970 notavi,
612 1906 669 1950 eos
691 1887 737 1952 ibi
754 1889 871 1976 fuisse,
906 1898 939 1951 et
959 1909 1024 1954 non
1045 1893 1078 1952 in
1100 1891 1251 1972 hospitali

5 2057 6 2086 ,
83 1997 199 2063 Sancti
217 1995 389 2062 Johemis.
431 1995 494 2056 Est
515 1993 599 2057 enim
621 1992 737 2056 domus
759 1993 871 2058 eadem
893 2012 1022 2077 magna,
1044 2013 1117 2059 cum
1139 1995 1249 2064 multis

81 2100 275 2170 habitaculis
301 2108 334 2174 et
359 2118 433 2164 cum
462 2100 555 2163 horto
576 2097 728 2182 pulchro,
749 2100 872 2164 situata
889 2101 975 2165 inter
995 2107 1137 2165 montem
1156 2098 1249 2184 Syon

83 2217 116 2272 ot
136 2205 318 2272 Jerusalem
340 2207 374 2269 in
393 2204 485 2268 Mille
509 2211 569 2266 etc.
747 2200 751 2207 '

166 2310 268 2394 Igitur
298 2311 445 2379 omnibns
468 2309 548 2380 loeis
577 2308 765 2392 praedictis,
800 2317 836 2372 ut
865 2306 984 2372 dietum
1006 2315 1076 2390 est,
1108 2308 1249 2372 visitatio

82 2416 224 2498 regressi
256 2431 369 2478 sumus
404 2433 534 2498 omnes,
553 2413 689 2496 quilibet
719 2415 752 2477 iu
784 2413 890 2477 locum
921 2429 1028 2480 suum.
1082 2411 1251 2496 Peregrini

84 2521 204 2585 milites
224 2518 408 2582 saeculares
430 2519 463 2582 io
483 2519 656 2601 hospitium
679 2517 794 2580 Sancti
813 2518 985 2598 Johaouis,
1006 2516 1149 2599 religiosi
1170 2537 1250 2582 vero

5 2681 10 2724 ,
83 2644 156 2692 cum
180 2623 333 2691 fratribus
355 2623 530 2687 minoribus
552 2622 768 2685 ascenderunt
797 2623 831 2685 in
851 2629 992 2689 montem
1012 2619 1125 2706 Syon,
1151 2632 1185 2686 et
1206 2624 1250 2690 ibi

84 2728 369 2808 manducavimus,
400 2727 538 2794 bibimus
568 2736 601 2792 et
621 2728 814 2812 quievimus.
853 2728 896 2791 ut
916 2727 970 2790 hie
992 2735 1044 2793 est
1067 2725 1141 2792 finis
1162 2729 1250 2792 illius

5 2889 8 2914 ,
83 2832 363 2920 peregrinationis.

5 3049 7 3144 ἶ
86 3063 283 3170 Sepulchri
323 3062 493 3140 dominici
532 3063 626 3140 Jesu
666 3060 888 3168 descriptio,
924 3064 1031 3166 quale
1063 3065 1173 3144 luerit
1201 3065 1247 3141 ab

175 3277 183 3284 δ
294 3183 409 3277 initio,
435 3195 475 3261 et
500 3186 607 3285 quale
625 3211 719 3262 nune
743 3187 804 3280 sit,
831 3195 1040 3264 etceetera.

170 3365 295 3435 Natura
327 3375 363 3434 et
383 3386 437 3436 tus
457 3370 493 3433 io
513 3371 744 3439 constitutione
764 3371 828 3450 rei,
862 3371 1011 3452 quamvis
1035 3374 1137 3430 totum
1165 3367 1251 3429 lina-e

5 3523 6 3563 ,
81 3475 158 3542 liter
175 3471 360 3556 intendant,
381 3474 567 3556 apartibus
588 3483 697 3541 tamen
725 3475 902 3560 incipiunt,
933 3479 968 3536 et
989 3472 1092 3556 priore
1106 3490 1134 3535 'a
1154 3473 1250 3537 nobi-

83 3579 236 3662 lioribus,
258 3577 485 3648 constituendo
507 3587 631 3662 portem
651 3587 727 3662 post
747 3589 890 3662 partem,
924 3595 1093 3663 quousque
1114 3578 1250 3642 resultet

82 3691 204 3767 totum,
234 3683 321 3767 quod
350 3681 528 3748 intendunt.
569 3680 695 3748 Eodem
714 3683 809 3748 modo
844 3683 1027 3751 laciendum
1058 3685 1194 3748 arbitror
1217 3685 1250 3746 io

85 3785 303 3870 dispositione
325 3787 486 3856 ecclesiae
509 3790 617 3854 saneti
636 3789 816 3872 sepulchri,
840 3808 937 3874 quam
957 3807 1079 3873 ponere
1098 3789 1248 3854 intende:

84 3899 267 3976 autequam
279 3893 326 3961 ad
346 3893 419 3976 eJ'ns
452 3893 703 3980 descriptionem
724 3893 914 3978 procedam,
943 3895 1034 3978 prius
1054 3895 1251 3978 principales

81 3996 158 4080 ejus
176 4007 288 4080 portes
308 3997 507 4082 dmentem,
529 4018 613 4084 quae
642 4007 719 4064 sunt
745 3999 951 4084 sepulchrum
976 4009 1143 4084 sanctum,
1165 3998 1252 4085 qnod·

83 4111 136 4168 est
156 4113 270 4188 eaput,
304 4113 337 4168 et
366 4105 575 4190 principalior
603 4124 681 4190 pars
711 4107 812 4172 totius
847 4105 975 4192 templi,
1004 4123 1025 4170 a
1053 4123 1118 4191 quo
1149 4113 1250 4168 totum

84 4207 482 4296 templomdeoominator,
494 4219 527 4274 et
533 4220 649 4295 postea
659 4221 800 4278 montem
811 4207 985 4276 calvariae
994 4209 1175 4276 deseribem
1187 4216 1248 4272 ete

983 4309 1042 4368 21*
