2914 4850
744 63 787 127 rr
1383 45 1384 130 i

183 249 371 332 nmis,
403 255 437 310 et
457 245 620 314 deiectum
641 258 764 332 equae,
793 246 891 330 parus
909 252 943 307 et
974 241 1108 308 aliorum
1137 242 1342 326 patieb—
1381 255 1384 308 t

182 355 289 439 Ejeeti
309 361 417 418 antem
438 369 551 418 snmus
570 371 630 437 por
655 347 801 416 inutilem
831 360 964 416 ventum
984 369 1005 414 a
1025 359 1207 432 conspectu
1241 347 1350 432 Cyp
1381 347 1384 414 i

184 471 219 526 et
239 461 342 524 tribus
363 459 477 524 diebus
505 476 546 523 ac
567 459 716 524 noctibus
748 455 869 525 nullam
898 464 1017 518 terram
1036 453 1197 538 vidimus,
1227 466 1262 520 et
1310 471 1384 538 pt

183 568 246 633 boc
266 567 383 630 iorum
411 564 457 628 ad
477 565 564 628 latus
587 564 690 648 Cypri
710 561 811 626 delati
844 575 958 625 sumnus
979 561 1020 625 ad
1041 571 1170 646 portum
1196 562 1384 645 Paphut

182 671 316 756 dequo
357 672 397 735 nt
422 671 548 734 mentio
582 669 693 732 Actor.
745 669 794 732 13.
851 667 900 730 -Et
939 670 973 732 in
1012 667 1066 731 illo
1104 675 1202 751 portu
1242 683 1384 730 necet

184 779 279 841 saria
293 777 445 859 emimus,
477 782 513 837 et
534 774 630 837 citius
659 774 700 838 ab
728 791 768 836 eo
796 773 1009 854 recessimus,
1041 781 1074 834 et
1094 773 1264 836 inutiliter
1308 775 1384 834 sin

184 883 334 967 proiectu
364 881 407 944 ad
443 881 527 943 latus
564 878 667 963 prri
706 877 902 947 ferebamur.
955 878 1009 941 Ac
1042 879 1127 941 baec
1169 875 1384 942 diffortuni

184 989 325 1052 accessit
347 986 434 1051 alind
452 985 551 1050 valde
570 987 675 1054 triste.
717 983 804 1046 Nam
816 981 939 1046 cadem
959 992 1058 1048 uoote
1084 985 1384 1068 ψωθία-ΞΜ

184 1095 351 1177 occupetis
372 1096 460 1156 circa
481 1093 557 1155 velt
577 1099 612 1154 et
631 1087 757 1154 (inlisa
777 1089 1002 1173 iustrumenta,
1019 1106 1100 1154 ecoe
1118 1109 1160 1152 ex
1179 1090 1384 1172 improvisi

185 1199 226 1264 tle
247 1217 398 1282 supremo
413 1197 489 1260 mali
505 1215 571 1260 una
588 1196 733 1259 troobloa
748 1193 877 1278 decidit,
892 1203 925 1258 et
940 1199 1094 1278 optimum
1107 1195 1384 1279 gnbmnatmr

185 1313 326 1386 tangens
346 1302 497 1382 extinxit,
516 1289 559 1364 arl¹
578 1300 673 1384 cnjus
694 1307 806 1363 nutum
827 1301 974 1365 universi
988 1303 1151 1365 marinarii
1180 1299 1384 1364 Galestrel

185 1407 389 1472 etGalantae
409 1407 630 1470 movebantur.
663 1407 806 1488 {agrius
821 1405 1055 1474 ultramodum
1077 1407 1238 1491 plauctus
1260 1409 1384 1470 factm

185 1520 237 1575 est
253 1513 287 1574 in
298 1509 404 1576 (initia
425 1510 466 1573 (le
479 1520 581 1575 morte
598 1511 687 1574 illius
703 1511 781 1574 vini:
803 1527 866 1574 nco
884 1520 954 1575 erat
973 1513 1035 1578 fibi
1055 1513 1229 1576 simflisin
1247 1513 1384 1580 Geta,

185 1618 242 1702 qui
263 1615 459 1679 succederet·
477 1617 513 1680 in
531 1616 640 1680 locam
660 1615 743 1698 ejus.
771 1616 887 1680 Multis
907 1627 1015 1680 autern
1036 1617 1151 1684 diebus
1173 1618 1372 1682 taediosa·

186 1723 324 1788 fecimus
343 1721 600 1804 navigationem,
626 1731 659 1785 st
689 1721 882 1786 Cretensem
902 1731 1030 1805 portum
1051 1724 1246 1806 optavimus
1266 1725 1375 1785 attin-

186 1847 281 1914 gere,
309 1837 345 1892 et
375 1828 504 1911 longius
526 1847 548 1892 e
567 1826 684 1892 Rhodo
714 1826 883 1909 recedere,
920 1826 979 1890 sed
1002 1844 1116 1910 parum
1145 1829 1367 1911 proiecimus

186 1938 315 2000 biturca
331 1933 399 1998 ulio
421 1932 560 2016 quatiam
590 1932 733 1996 vidimus
750 1949 772 1994 a
792 1929 889 2013 longe
921 1949 1020 2014 super
1045 1949 1133 1994 mare
1146 1943 1288 2004 ,eontra
1305 1949 1369 1994 nos

188 2039 327 2104 Goliam
369 2036 556 2122 praedelem
596 2044 836 2119 properantem,
877 2044 910 2100 et
939 2039 1149 2100 vehementer
1170 2039 1362 2118 'timuimus

188 2145 398 2208 aestimantes
420 2140 490 2223 (tt
501 2141 555 2224 A)
579 2143 706 2204 {lurcos
727 2142 855 2213 venire:
877 2141 937 2204 seii
959 2141 1035 2206 tium
1062 2143 1243 2224 proximior
1260 2143 1360 2222 fieret,

189 2249 401 2332 cognovimus
420 2265 498 2310 csse
520 2245 657 2314 Goliam
667 2245 893 2329 Venetiattam,
915 2255 948 2309 et
965 2248 1119 2330 dopositis
1140 2249 1260 2332 armis,
1283 2267 1359 2334 qnae

188 2353 324 2440 produci
360 2353 504 2436 jusserat
542 2353 702 2416 Patronus
736 2371 796 2436 pro
842 2351 1031 2415 defensione
1057 2361 1182 2414 ‘coutra
1223 2354 1355 2432 'lurcos

189 2456 466 2537 praestolabamur
483 2459 700 2540 praesentiam
717 2457 806 2522 iliius
817 2453 941 2520 micae
952 2457 993 2520 ad
1006 2455 1202 2523 audiendum
1213 2475 1356 2522 rumores

189 2577 303 2623 novos.
327 2559 419 2636 Quae
440 2572 514 2624 cum
531 2570 664 2642 praeno
685 2571 785 2644 sset,
807 2561 1025 2624 intelleximus
1038 2561 1177 2624 'lurcunt
1200 2558 1222 2625 a
1243 2564 1355 2628 ilbodo
1381 2643 1382 2646 Ἴ

191 2681 266 2726 oum
288 2665 483 2728 exercitibus
501 2665 572 2726 nis
593 2664 763 2728 confusum
781 2675 817 2729 et
837 2667 961 2730 victum
986 2667 1170 2730 reoessisee
1199 2667 1259 2730 At
1283 2671 1356 2732 baec

192 2785 282 2830 nova
303 2766 422 2849 gaudio
450 2765 605 2832 ineffabili
630 2769 745 2850 repleti
777 2788 905 2854 sumus,
921 2779 1131 2839 etsostrn·
1167 2768 1299 2836 Galbae
1317 2772 1353 2834 eb

190 2871 306 2934 itinere
328 2880 444 2955 coepto
464 2873 658 2955 avertimus,
681 2882 714 2936 et
734 2876 776 2937 ed
797 2875 948 2939 ilbodum
967 2875 1110 2939 Insulam
1131 2893 1191 2938 nos
1216 2895 1355 2942 convcr-

190 2974 297 3036 timus.
320 2976 374 3039 Au
391 2984 610 3060 quamtamen
629 2987 760 3060 propter
769 2989 941 3046 ventorum
955 2981 1354 3064 inutiliumintpedimenta
1381 2981 1382 3032 i

190 3077 225 3140 in
255 3078 364 3142 multis
396 3080 510 3144 diebus
544 3097 609 3144 uon
643 3085 802 3148 venimus.
845 3088 914 3149 lmo
935 3087 969 3149 iu
994 3087 1149 3150 terminos
1180 3087 1354 3150 'lurcorum

189 3183 324 3268 projecti
344 3203 473 3268 sumus,
499 3195 531 3249 et
552 3185 701 3251 anienem
729 3189 889 3272 quendum
916 3193 1142 3274 navigavimus
1166 3191 1202 3253 iu
1231 3211 1298 3274 quo
1318 3194 1352 3256 ab

188 3299 325 3374 utraque
345 3302 438 3376 perte
459 3301 577 3357 torrem
598 3299 631 3354 et
651 3301 803 3358 montana
816 3295 953 3358 'l'urciee
978 3297 1159 3360 habuimus.
1179 3298 1352 3361 innovatus

189 3403 241 3456 est
271 3397 354 3459 inter
374 3400 457 3464 bueo
484 3399 578 3462 timor
605 3406 732 3484 noster,
765 3409 798 3462 ct
824 3401 1035 3484 timebamus,
1064 3399 1151 3485 quod
1177 3400 1273 3464 iburei
1296 3421 1350 3466 nos

188 3497 338 3562 videntes
361 3501 443 3565 forte
462 3505 496 3566 iu
514 3522 573 3568 uos
593 3505 768 3588 sterteret,
789 3514 923 3588 propter
946 3507 1182 3589 confusionem,
1204 3510 1347 3588 quamin

187 3600 303 3664 libatio
349 3619 559 3690 acceperant,
605 3608 842 3674 uindicandam.-
906 3609 1041 3676 Nullum
1085 3612 1182 3677 eueni
1220 3621 1347 3677 uetitum

187 3705 356 3769 babuimus
378 3718 411 3773 et
437 3712 677 3776 taediosissime
708 3713 916 3795 nauigatione
944 3716 1035 3780 inter·
1062 3717 1237 3779 'lurcorum
1257 3736 1344 3780 mou·

187 3819 270 3872 tana·
290 3813 532 3896 processimus,
560 3816 653 3898 pigro
692 3833 850 3880 remorum
888 3828 1002 3884 tractu.
1046 3819 1192 3884 'landem
1219 3819 1341 3887 advenit

187 3921 322 3996 ventus,
368 3917 488 3999 quinos
520 3917 687 4002 liberavit,
721 3917 924 4005 Gdianqn
957 3935 1090 4008 npente
1131 3923 1172 3986 ad
1210 3925 1339 3992 tmolum
1378 3985 1379 3990 ,

186 4016 334 4082 ilbodum
372 4020 517 4103 impulit,
540 4021 639 4104 louge
670 4032 778 4088 temon
806 4045 827 4090 a
855 4025 1099 4097 Colossensium
1130 4029 1270 4109 civitate,
1300 4031 1337 4094 tul
1378 4003 1379 4052 ἒ

187 4118 272 4188 letus
299 4134 519 4192 montanorum
547 4128 773 4212 processimus
828 4131 882 4192 Ad
921 4133 1026 4195 locum
1057 4143 1165 4198 autern
1192 4135 1335 4216 quendam
1376 4175 1384 4248 ¹,
