<?xml version="1.0" encoding="UTF-8"?>
<!DOCTYPE html PUBLIC "-//W3C//DTD XHTML 1.0 Transitional//EN"
    "http://www.w3.org/TR/xhtml1/DTD/xhtml1-transitional.dtd">
<html xmlns="http://www.w3.org/1999/xhtml" xml:lang="en" lang="en">
 <head>
  <title>
</title>
<meta http-equiv="Content-Type" content="text/html;charset=utf-8" />
  <meta name='ocr-system' content='tesseract 3.04.00' />
  <meta name='ocr-capabilities' content='ocr_page ocr_carea ocr_par ocr_line ocrx_word'/>
</head>
<body>
  <div class='ocr_page' id='page_1' title='image "./fratrisfelicisf01fabrgoog_0460.png"; bbox 0 0 2792 4778; ppageno 0'>
   <div class='ocr_carea' id='block_1_1' title="bbox 504 143 698 255">
    <p class='ocr_par' dir='ltr' id='par_1_1' title="bbox 504 143 698 255">
     <span class='ocr_line' id='line_1_1' title="bbox 504 143 698 255; baseline 0.026 -5"><span class='ocrx_word' id='word_1_1' title='bbox 504 143 538 190; x_wconf 71' lang='grc'>”</span> <span class='ocrx_word' id='word_1_2' title='bbox 632 183 698 255; x_wconf 72' lang='lat' dir='ltr'><strong>aaa</strong></span> 
     </span>
    </p>
   </div>
   <div class='ocr_carea' id='block_1_2' title="bbox 3 362 1284 1076">
    <p class='ocr_par' dir='ltr' id='par_1_2' title="bbox 3 362 1284 1076">
     <span class='ocr_line' id='line_1_2' title="bbox 82 362 1246 456; baseline 0.007 -27"><span class='ocrx_word' id='word_1_3' title='bbox 82 367 138 429; x_wconf 92' lang='lat' dir='ltr'><strong>ubi</strong></span> <span class='ocrx_word' id='word_1_4' title='bbox 163 362 285 434; x_wconf 25' lang='lat' dir='ltr'><strong>,dicunt</strong></span> <span class='ocrx_word' id='word_1_5' title='bbox 318 364 420 432; x_wconf 83' lang='lat' dir='ltr'><strong>luisse</strong></span> <span class='ocrx_word' id='word_1_6' title='bbox 444 365 593 434; x_wconf 88' lang='lat' dir='ltr'><strong>domum</strong></span> <span class='ocrx_word' id='word_1_7' title='bbox 636 367 838 450; x_wconf 79' lang='lat' dir='ltr'><strong>patriarchae</strong></span> <span class='ocrx_word' id='word_1_8' title='bbox 868 367 988 450; x_wconf 89' lang='lat' dir='ltr'><strong>Jacob,</strong></span> <span class='ocrx_word' id='word_1_9' title='bbox 1009 371 1052 432; x_wconf 70' lang='lat' dir='ltr'><strong>‚in</strong></span> <span class='ocrx_word' id='word_1_10' title='bbox 1092 387 1155 456; x_wconf 86' lang='lat' dir='ltr'><strong>qua</strong></span> <span class='ocrx_word' id='word_1_11' title='bbox 1188 389 1246 456; x_wconf 84' lang='lat' dir='ltr'><strong>por</strong></span> 
     </span>
     <span class='ocr_line' id='line_1_3' title="bbox 83 468 1245 562; baseline 0.006 -30"><span class='ocrx_word' id='word_1_12' title='bbox 83 468 214 554; x_wconf 84' lang='lat' dir='ltr'><strong>aliquod</strong></span> <span class='ocrx_word' id='word_1_13' title='bbox 234 475 365 552; x_wconf 83' lang='lat' dir='ltr'><strong>tempus</strong></span> <span class='ocrx_word' id='word_1_14' title='bbox 385 471 558 556; x_wconf 85' lang='lat' dir='ltr'><strong>habitavit,</strong></span> <span class='ocrx_word' id='word_1_15' title='bbox 580 478 769 534; x_wconf 81' lang='lat' dir='ltr'><strong>otmarum</strong></span> <span class='ocrx_word' id='word_1_16' title='bbox 792 469 912 532; x_wconf 82' lang='lat' dir='ltr'><strong>dicunt·</strong></span> <span class='ocrx_word' id='word_1_17' title='bbox 933 489 1009 534; x_wconf 87' lang='lat' dir='ltr'><strong>esse</strong></span> <span class='ocrx_word' id='word_1_18' title='bbox 1030 473 1071 542; x_wconf 88' lang='lat' dir='ltr'><strong>de</strong></span> <span class='ocrx_word' id='word_1_19' title='bbox 1081 478 1245 562; x_wconf 69' lang='lat' dir='ltr'><strong>:reliquiis</strong></span> 
     </span>
     <span class='ocr_line' id='line_1_4' title="bbox 3 574 1245 660; baseline 0.006 -26"><span class='ocrx_word' id='word_1_20' title='bbox 3 621 4 634; x_wconf 67' lang='grc'>,</span> <span class='ocrx_word' id='word_1_21' title='bbox 83 575 328 660; x_wconf 51' lang='lat' dir='ltr'><strong>patriarchali&amp;</strong></span> <span class='ocrx_word' id='word_1_22' title='bbox 347 575 469 644; x_wconf 86' lang='lat' dir='ltr'><strong>domus.</strong></span> <span class='ocrx_word' id='word_1_23' title='bbox 510 577 702 658; x_wconf 67' lang='lat' dir='ltr'><strong>Egoaero</strong></span> <span class='ocrx_word' id='word_1_24' title='bbox 721 574 858 658; x_wconf 85' lang='lat' dir='ltr'><strong>quadam</strong></span> <span class='ocrx_word' id='word_1_25' title='bbox 890 577 978 638; x_wconf 90' lang='lat' dir='ltr'><strong>vice.</strong></span> <span class='ocrx_word' id='word_1_26' title='bbox 996 579 1052 641; x_wconf 87' lang='lat' dir='ltr'><strong>hic</strong></span> <span class='ocrx_word' id='word_1_27' title='bbox 1075 585 1245 647; x_wconf 75' lang='lat' dir='ltr'><strong>,transiens</strong></span> 
     </span>
     <span class='ocr_line' id='line_1_5' title="bbox 3 679 1247 764; baseline 0.006 -22"><span class='ocrx_word' id='word_1_28' title='bbox 3 703 4 742; x_wconf 73' lang='lat' dir='ltr'><strong>r</strong></span> <span class='ocrx_word' id='word_1_29' title='bbox 83 701 211 750; x_wconf 88' lang='lat' dir='ltr'><strong>murum</strong></span> <span class='ocrx_word' id='word_1_30' title='bbox 233 681 389 762; x_wconf 80' lang='lat' dir='ltr'><strong>ascendi,</strong></span> <span class='ocrx_word' id='word_1_31' title='bbox 404 689 437 742; x_wconf 89' lang='lat' dir='ltr'><strong>et</strong></span> <span class='ocrx_word' id='word_1_32' title='bbox 459 699 518 763; x_wconf 84' lang='lat' dir='ltr'><strong>pro</strong></span> <span class='ocrx_word' id='word_1_33' title='bbox 539 689 628 742; x_wconf 89' lang='lat' dir='ltr'><strong>certo</strong></span> <span class='ocrx_word' id='word_1_34' title='bbox 659 679 825 763; x_wconf 84' lang='lat' dir='ltr'><strong>comperi,</strong></span> <span class='ocrx_word' id='word_1_35' title='bbox 839 681 925 764; x_wconf 89' lang='lat' dir='ltr'><strong>quod</strong></span> <span class='ocrx_word' id='word_1_36' title='bbox 944 682 1006 744; x_wconf 86' lang='lat' dir='ltr'><strong>fnit</strong></span> <span class='ocrx_word' id='word_1_37' title='bbox 1020 684 1247 750; x_wconf 83' lang='lat' dir='ltr'><strong>¹fulcimentum</strong></span> 
     </span>
     <span class='ocr_line' id='line_1_6' title="bbox 84 785 1247 868; baseline 0.007 -20"><span class='ocrx_word' id='word_1_38' title='bbox 84 785 209 848; x_wconf 86' lang='lat' dir='ltr'><strong>canalis</strong></span> <span class='ocrx_word' id='word_1_39' title='bbox 215 829 226 868; x_wconf 91' lang='lat'><strong>,</strong></span> <span class='ocrx_word' id='word_1_40' title='bbox 247 803 306 866; x_wconf 85' lang='lat' dir='ltr'><strong>per</strong></span> <span class='ocrx_word' id='word_1_41' title='bbox 334 803 430 868; x_wconf 89' lang='lat' dir='ltr'><strong>quern</strong></span> <span class='ocrx_word' id='word_1_42' title='bbox 457 785 531 846; x_wconf 80' lang='lat' dir='ltr'><strong>olim</strong></span> <span class='ocrx_word' id='word_1_43' title='bbox 555 801 670 868; x_wconf 87' lang='lat' dir='ltr'><strong>oquae.</strong></span> <span class='ocrx_word' id='word_1_44' title='bbox 688 785 884 848; x_wconf 77' lang='lat' dir='ltr'><strong>Jerusalem.</strong></span> <span class='ocrx_word' id='word_1_45' title='bbox 903 787 1123 852; x_wconf 79' lang='lat' dir='ltr'><strong>decurrebant.</strong></span> <span class='ocrx_word' id='word_1_46' title='bbox 1136 837 1140 854; x_wconf 27' lang='lat' dir='ltr'><strong>v.</strong></span> <span class='ocrx_word' id='word_1_47' title='bbox 1157 791 1201 854; x_wconf 75' lang='lat' dir='ltr'><strong>Et</strong></span> <span class='ocrx_word' id='word_1_48' title='bbox 1216 795 1247 856; x_wconf 87' lang='lat' dir='ltr'><strong>si</strong></span> 
     </span>
     <span class='ocr_line' id='line_1_7' title="bbox 3 888 1284 977; baseline 0.007 -26"><span class='ocrx_word' id='word_1_49' title='bbox 3 957 4 960; x_wconf 8' lang='grc' dir='ltr'><strong>Ἴ</strong></span> <span class='ocrx_word' id='word_1_50' title='bbox 83 890 204 960; x_wconf 71' lang='lat' dir='ltr'><strong>fuisset</strong></span> <span class='ocrx_word' id='word_1_51' title='bbox 220 890 306 953; x_wconf 89' lang='lat' dir='ltr'><strong>haec</strong></span> <span class='ocrx_word' id='word_1_52' title='bbox 327 888 441 958; x_wconf 86' lang='lat' dir='ltr'><strong>domus</strong></span> <span class='ocrx_word' id='word_1_53' title='bbox 468 889 609 971; x_wconf 78' lang='lat' dir='ltr'><strong>Jacob,</strong></span> <span class='ocrx_word' id='word_1_54' title='bbox 628 888 704 971; x_wconf 89' lang='lat' dir='ltr'><strong>quid</strong></span> <span class='ocrx_word' id='word_1_55' title='bbox 737 907 876 952; x_wconf 87' lang='lat' dir='ltr'><strong>neeesse</strong></span> <span class='ocrx_word' id='word_1_56' title='bbox 901 891 1036 977; x_wconf 86' lang='lat' dir='ltr'><strong>fuisset,</strong></span> <span class='ocrx_word' id='word_1_57' title='bbox 1070 891 1247 960; x_wconf 78' lang='lat' dir='ltr'><strong>Rachelern</strong></span> <span class='ocrx_word' id='word_1_58' title='bbox 1281 906 1284 910; x_wconf 83' lang='grc'><strong>’</strong></span> 
     </span>
     <span class='ocr_line' id='line_1_8' title="bbox 83 991 946 1076; baseline 0.001 -18"><span class='ocrx_word' id='word_1_59' title='bbox 83 1013 219 1058; x_wconf 75' lang='lat' dir='ltr'><strong>uxorem</strong></span> <span class='ocrx_word' id='word_1_60' title='bbox 242 993 313 1076; x_wconf 86' lang='lat' dir='ltr'><strong>ejus</strong></span> <span class='ocrx_word' id='word_1_61' title='bbox 331 996 365 1058; x_wconf 92' lang='lat' dir='ltr'><strong>in</strong></span> <span class='ocrx_word' id='word_1_62' title='bbox 385 995 521 1060; x_wconf 83' lang='lat' dir='ltr'><strong>riahac</strong></span> <span class='ocrx_word' id='word_1_63' title='bbox 537 1011 651 1076; x_wconf 87' lang='lat' dir='ltr'><strong>parere</strong></span> <span class='ocrx_word' id='word_1_64' title='bbox 673 1012 772 1076; x_wconf 87' lang='lat' dir='ltr'><strong>prope</strong></span> <span class='ocrx_word' id='word_1_65' title='bbox 793 991 946 1060; x_wconf 69' lang='lat' dir='ltr'><strong>domurn?</strong></span> 
     </span>
    </p>
   </div>
   <div class='ocr_carea' id='block_1_3' title="bbox 83 1213 1254 1358">
    <p class='ocr_par' dir='ltr' id='par_1_3' title="bbox 83 1213 1254 1358">
     <span class='ocr_line' id='line_1_9' title="bbox 83 1213 1254 1358; baseline 0 -52"><span class='ocrx_word' id='word_1_66' title='bbox 83 1231 146 1306; x_wconf 89' lang='lat' dir='ltr'><strong>De</strong></span> <span class='ocrx_word' id='word_1_67' title='bbox 171 1227 363 1350; x_wconf 79' lang='lat' dir='ltr'><strong>sepulchro</strong></span> <span class='ocrx_word' id='word_1_68' title='bbox 380 1229 563 1323; x_wconf 73' lang='lat' dir='ltr'><strong>nachoris,</strong></span> <span class='ocrx_word' id='word_1_69' title='bbox 587 1227 682 1326; x_wconf 90' lang='lat' dir='ltr'><strong>quod</strong></span> <span class='ocrx_word' id='word_1_70' title='bbox 706 1227 796 1304; x_wconf 79' lang='lat' dir='ltr'><strong>fe&#39;oit</strong></span> <span class='ocrx_word' id='word_1_71' title='bbox 821 1228 856 1302; x_wconf 86' lang='lat' dir='ltr'><strong>ei</strong></span> <span class='ocrx_word' id='word_1_72' title='bbox 874 1227 1001 1358; x_wconf 32' lang='lat' dir='ltr'><strong>&#39;Jacob</strong></span> <span class='ocrx_word' id='word_1_73' title='bbox 1032 1213 1254 1333; x_wconf 52' lang='lat' dir='ltr'><strong>patriarcha(</strong></span> 
     </span>
    </p>
   </div>
   <div class='ocr_carea' id='block_1_4' title="bbox 2 1408 1342 3061">
    <p class='ocr_par' dir='ltr' id='par_1_4' title="bbox 2 1408 1342 3061">
     <span class='ocr_line' id='line_1_10' title="bbox 175 1408 1248 1496; baseline 0.007 -26"><span class='ocrx_word' id='word_1_74' title='bbox 175 1408 278 1490; x_wconf 79' lang='lat' dir='ltr'><strong>(ruo</strong></span> <span class='ocrx_word' id='word_1_75' title='bbox 288 1409 343 1491; x_wconf 71' lang='grc' dir='ltr'><strong>Α)</strong></span> <span class='ocrx_word' id='word_1_76' title='bbox 364 1409 508 1474; x_wconf 83' lang='lat' dir='ltr'><strong>Ulterius</strong></span> <span class='ocrx_word' id='word_1_77' title='bbox 533 1411 916 1493; x_wconf 87' lang='lat' dir='ltr'><strong>procedentesvenimus</strong></span> <span class='ocrx_word' id='word_1_78' title='bbox 937 1413 970 1474; x_wconf 91' lang='lat' dir='ltr'><strong>in</strong></span> <span class='ocrx_word' id='word_1_79' title='bbox 995 1413 1132 1495; x_wconf 88' lang='lat' dir='ltr'><strong>locum,</strong></span> <span class='ocrx_word' id='word_1_80' title='bbox 1151 1433 1248 1496; x_wconf 83' lang='lat' dir='ltr'><strong>quern</strong></span> 
     </span>
     <span class='ocr_line' id='line_1_11' title="bbox 83 1512 1251 1601; baseline 0.004 -25"><span class='ocrx_word' id='word_1_81' title='bbox 83 1513 367 1598; x_wconf 82' lang='lat' dir='ltr'><strong>Hieronymusde</strong></span> <span class='ocrx_word' id='word_1_82' title='bbox 388 1512 723 1580; x_wconf 83' lang='lat' dir='ltr'><strong>distantiisloeorum.</strong></span> <span class='ocrx_word' id='word_1_83' title='bbox 739 1516 882 1578; x_wconf 88' lang='lat' dir='ltr'><strong>nominat</strong></span> <span class='ocrx_word' id='word_1_84' title='bbox 903 1514 1087 1601; x_wconf 82' lang='lat' dir='ltr'><strong>Chabrota,</strong></span> <span class='ocrx_word' id='word_1_85' title='bbox 1121 1519 1175 1580; x_wconf 91' lang='lat' dir='ltr'><strong>ubi</strong></span> <span class='ocrx_word' id='word_1_86' title='bbox 1198 1527 1251 1585; x_wconf 85' lang='lat' dir='ltr'><strong>est</strong></span> 
     </span>
     <span class='ocr_line' id='line_1_12' title="bbox 85 1619 1250 1706; baseline 0.002 -22"><span class='ocrx_word' id='word_1_87' title='bbox 85 1621 299 1703; x_wconf 86' lang='lat' dir='ltr'><strong>sepulchmm·</strong></span> <span class='ocrx_word' id='word_1_88' title='bbox 315 1620 486 1704; x_wconf 81' lang='lat' dir='ltr'><strong>Rachelis,</strong></span> <span class='ocrx_word' id='word_1_89' title='bbox 517 1622 628 1682; x_wconf 83' lang='lat' dir='ltr'><strong>uxoris</strong></span> <span class='ocrx_word' id='word_1_90' title='bbox 657 1619 778 1697; x_wconf 84' lang='lat' dir='ltr'><strong>Jacob,</strong></span> <span class='ocrx_word' id='word_1_91' title='bbox 811 1639 894 1702; x_wconf 85' lang='lat' dir='ltr'><strong>quae</strong></span> <span class='ocrx_word' id='word_1_92' title='bbox 917 1622 970 1686; x_wconf 90' lang='lat' dir='ltr'><strong>hic</strong></span> <span class='ocrx_word' id='word_1_93' title='bbox 990 1623 1024 1684; x_wconf 92' lang='lat' dir='ltr'><strong>in</strong></span> <span class='ocrx_word' id='word_1_94' title='bbox 1045 1623 1174 1706; x_wconf 92' lang='lat' dir='ltr'><strong>publica</strong></span> <span class='ocrx_word' id='word_1_95' title='bbox 1194 1624 1250 1690; x_wconf 86' lang='lat' dir='ltr'><strong>via</strong></span> 
     </span>
     <span class='ocr_line' id='line_1_13' title="bbox 4 1721 1251 1809; baseline 0.005 -21"><span class='ocrx_word' id='word_1_96' title='bbox 4 1721 5 1726; x_wconf 66' lang='grc'>’</span> <span class='ocrx_word' id='word_1_97' title='bbox 85 1727 251 1808; x_wconf 73' lang='lat' dir='ltr'><strong>existens,</strong></span> <span class='ocrx_word' id='word_1_98' title='bbox 272 1725 388 1788; x_wconf 88' lang='lat' dir='ltr'><strong>volens</strong></span> <span class='ocrx_word' id='word_1_99' title='bbox 409 1743 482 1791; x_wconf 81' lang='lat' dir='ltr'><strong>cum</strong></span> <span class='ocrx_word' id='word_1_100' title='bbox 502 1725 605 1789; x_wconf 85' lang='lat' dir='ltr'><strong>Jacob</strong></span> <span class='ocrx_word' id='word_1_101' title='bbox 626 1725 729 1786; x_wconf 76' lang='lat' dir='ltr'><strong>iro=ln</strong></span> <span class='ocrx_word' id='word_1_102' title='bbox 750 1724 950 1809; x_wconf 82' lang='lat' dir='ltr'><strong>Bethlehem,</strong></span> <span class='ocrx_word' id='word_1_103' title='bbox 972 1730 1117 1792; x_wconf 90' lang='lat' dir='ltr'><strong>venitin</strong></span> <span class='ocrx_word' id='word_1_104' title='bbox 1138 1729 1251 1794; x_wconf 83' lang='lat' dir='ltr'><strong>horam</strong></span> 
     </span>
     <span class='ocr_line' id='line_1_14' title="bbox 88 1829 1249 1914; baseline 0 -20"><span class='ocrx_word' id='word_1_105' title='bbox 88 1837 236 1913; x_wconf 15' lang='lat' dir='ltr'><strong>partums.</strong></span> <span class='ocrx_word' id='word_1_106' title='bbox 253 1837 287 1892; x_wconf 87' lang='lat' dir='ltr'><strong>ot</strong></span> <span class='ocrx_word' id='word_1_107' title='bbox 308 1831 354 1894; x_wconf 92' lang='lat' dir='ltr'><strong>ibi</strong></span> <span class='ocrx_word' id='word_1_108' title='bbox 381 1831 506 1914; x_wconf 79' lang='lat' dir='ltr'><strong>peperit</strong></span> <span class='ocrx_word' id='word_1_109' title='bbox 533 1829 733 1911; x_wconf 81' lang='lat' dir='ltr'><strong>Benjamin,.</strong></span> <span class='ocrx_word' id='word_1_110' title='bbox 750 1835 796 1890; x_wconf 87' lang='lat' dir='ltr'><strong>ot·</strong></span> <span class='ocrx_word' id='word_1_111' title='bbox 812 1831 852 1892; x_wconf 93' lang='lat' dir='ltr'><strong>ob</strong></span> <span class='ocrx_word' id='word_1_112' title='bbox 884 1829 1104 1895; x_wconf 79' lang='lat' dir='ltr'><strong>difficultatem</strong></span> <span class='ocrx_word' id='word_1_113' title='bbox 1134 1840 1249 1914; x_wconf 85' lang='lat' dir='ltr'><strong>partus</strong></span> 
     </span>
     <span class='ocr_line' id='line_1_15' title="bbox 87 1933 1251 2020; baseline 0.003 -22"><span class='ocrx_word' id='word_1_114' title='bbox 87 1936 184 2020; x_wconf 85' lang='lat' dir='ltr'><strong>obiit,</strong></span> <span class='ocrx_word' id='word_1_115' title='bbox 216 1953 312 2020; x_wconf 83' lang='lat' dir='ltr'><strong>quom</strong></span> <span class='ocrx_word' id='word_1_116' title='bbox 342 1935 445 1998; x_wconf 90' lang='lat' dir='ltr'><strong>Jacob</strong></span> <span class='ocrx_word' id='word_1_117' title='bbox 467 1937 522 1998; x_wconf 93' lang='lat' dir='ltr'><strong>hic</strong></span> <span class='ocrx_word' id='word_1_118' title='bbox 542 1933 704 2015; x_wconf 87' lang='lat' dir='ltr'><strong>sepelivit,</strong></span> <span class='ocrx_word' id='word_1_119' title='bbox 726 1939 760 1993; x_wconf 91' lang='lat' dir='ltr'><strong>et</strong></span> <span class='ocrx_word' id='word_1_120' title='bbox 782 1934 908 1998; x_wconf 90' lang='lat' dir='ltr'><strong>titulum</strong></span> <span class='ocrx_word' id='word_1_121' title='bbox 929 1953 1027 2016; x_wconf 88' lang='lat' dir='ltr'><strong>super</strong></span> <span class='ocrx_word' id='word_1_122' title='bbox 1047 1935 1251 2017; x_wconf 80' lang='lat' dir='ltr'><strong>sepulchrum</strong></span> 
     </span>
     <span class='ocr_line' id='line_1_16' title="bbox 88 2037 1251 2124; baseline -0.001 -23"><span class='ocrx_word' id='word_1_123' title='bbox 88 2037 163 2120; x_wconf 86' lang='lat' dir='ltr'><strong>ejus</strong></span> <span class='ocrx_word' id='word_1_124' title='bbox 184 2041 303 2122; x_wconf 60' lang='lat' dir='ltr'><strong>eruit,</strong></span> <span class='ocrx_word' id='word_1_125' title='bbox 329 2046 363 2102; x_wconf 85' lang='lat' dir='ltr'><strong>et</strong></span> <span class='ocrx_word' id='word_1_126' title='bbox 382 2039 435 2102; x_wconf 91' lang='lat' dir='ltr'><strong>hic</strong></span> <span class='ocrx_word' id='word_1_127' title='bbox 457 2045 509 2100; x_wconf 87' lang='lat' dir='ltr'><strong>est</strong></span> <span class='ocrx_word' id='word_1_128' title='bbox 539 2037 651 2106; x_wconf 87' lang='lat' dir='ltr'><strong>titulus</strong></span> <span class='ocrx_word' id='word_1_129' title='bbox 679 2037 875 2104; x_wconf 89' lang='lat' dir='ltr'><strong>monumenti</strong></span> <span class='ocrx_word' id='word_1_130' title='bbox 904 2037 1059 2102; x_wconf 83' lang='lat' dir='ltr'><strong>Rachelis</strong></span> <span class='ocrx_word' id='word_1_131' title='bbox 1091 2041 1251 2124; x_wconf 87' lang='lat' dir='ltr'><strong>usquein</strong></span> 
     </span>
     <span class='ocr_line' id='line_1_17' title="bbox 87 2139 1251 2226; baseline -0.003 -18"><span class='ocrx_word' id='word_1_132' title='bbox 87 2155 300 2226; x_wconf 77' lang='lat' dir='ltr'><strong>praesentem</strong></span> <span class='ocrx_word' id='word_1_133' title='bbox 317 2144 419 2226; x_wconf 88' lang='lat' dir='ltr'><strong>diem,</strong></span> <span class='ocrx_word' id='word_1_134' title='bbox 443 2152 479 2206; x_wconf 92' lang='lat' dir='ltr'><strong>ut</strong></span> <span class='ocrx_word' id='word_1_135' title='bbox 510 2141 627 2208; x_wconf 90' lang='lat' dir='ltr'><strong>dicitur</strong></span> <span class='ocrx_word' id='word_1_136' title='bbox 649 2140 770 2206; x_wconf 81' lang='lat' dir='ltr'><strong>Genea.</strong></span> <span class='ocrx_word' id='word_1_137' title='bbox 791 2139 845 2214; x_wconf 70' lang='lat'><strong>87.</strong></span> <span class='ocrx_word' id='word_1_138' title='bbox 889 2139 999 2220; x_wconf 82' lang='lat' dir='ltr'><strong>Quare</strong></span> <span class='ocrx_word' id='word_1_139' title='bbox 1020 2153 1127 2207; x_wconf 87' lang='lat' dir='ltr'><strong>antem</strong></span> <span class='ocrx_word' id='word_1_140' title='bbox 1147 2145 1251 2208; x_wconf 86' lang='lat' dir='ltr'><strong>Jacob</strong></span> 
     </span>
     <span class='ocr_line' id='line_1_18' title="bbox 89 2243 1251 2330; baseline -0.001 -19"><span class='ocrx_word' id='word_1_141' title='bbox 89 2243 267 2318; x_wconf 74' lang='lat' dir='ltr'><strong>Rachelom</strong></span> <span class='ocrx_word' id='word_1_142' title='bbox 290 2248 533 2328; x_wconf 83' lang='lat' dir='ltr'><strong>dilectissimam</strong></span> <span class='ocrx_word' id='word_1_143' title='bbox 565 2248 787 2314; x_wconf 78' lang='lat' dir='ltr'><strong>sibiuxoram:</strong></span> <span class='ocrx_word' id='word_1_144' title='bbox 802 2266 866 2322; x_wconf 78' lang='lat' dir='ltr'><strong>uon</strong></span> <span class='ocrx_word' id='word_1_145' title='bbox 897 2248 988 2312; x_wconf 82' lang='lat' dir='ltr'><strong>drrxit</strong></span> <span class='ocrx_word' id='word_1_146' title='bbox 1008 2249 1043 2310; x_wconf 90' lang='lat' dir='ltr'><strong>in</strong></span> <span class='ocrx_word' id='word_1_147' title='bbox 1065 2245 1193 2330; x_wconf 76' lang='lat' dir='ltr'><strong>hlbron,</strong></span> <span class='ocrx_word' id='word_1_148' title='bbox 1217 2251 1251 2312; x_wconf 89' lang='lat' dir='ltr'><strong>in</strong></span> 
     </span>
     <span class='ocr_line' id='line_1_19' title="bbox 90 2343 1342 2452; baseline -0.001 -37"><span class='ocrx_word' id='word_1_149' title='bbox 90 2354 303 2444; x_wconf 76' lang='lat' dir='ltr'><strong>sepulchrum¹</strong></span> <span class='ocrx_word' id='word_1_150' title='bbox 318 2353 495 2436; x_wconf 84' lang='lat' dir='ltr'><strong>majorum,</strong></span> <span class='ocrx_word' id='word_1_151' title='bbox 512 2351 571 2416; x_wconf 89' lang='lat' dir='ltr'><strong>sed</strong></span> <span class='ocrx_word' id='word_1_152' title='bbox 588 2371 659 2416; x_wconf 81' lang='lat' dir='ltr'><strong>earn</strong></span> <span class='ocrx_word' id='word_1_153' title='bbox 679 2354 711 2416; x_wconf 92' lang='lat' dir='ltr'><strong>in</strong></span> <span class='ocrx_word' id='word_1_154' title='bbox 733 2351 862 2435; x_wconf 89' lang='lat' dir='ltr'><strong>publica</strong></span> <span class='ocrx_word' id='word_1_155' title='bbox 882 2343 1120 2434; x_wconf 28' lang='lat' dir='ltr'><strong>sepelivitlvia,</strong></span> <span class='ocrx_word' id='word_1_156' title='bbox 1141 2351 1255 2418; x_wconf 86' lang='lat' dir='ltr'><strong>dicunt</strong></span> <span class='ocrx_word' id='word_1_157' title='bbox 1340 2427 1342 2452; x_wconf 53' lang='grc' dir='ltr'>Ι</span> 
     </span>
     <span class='ocr_line' id='line_1_20' title="bbox 92 2451 1253 2548; baseline 0 -25"><span class='ocrx_word' id='word_1_158' title='bbox 92 2458 466 2542; x_wconf 62' lang='grc' dir='ltr'><strong>Ηοὴεωί,’ᾳυοᾱῦῆοοὴ</strong></span> <span class='ocrx_word' id='word_1_159' title='bbox 482 2451 835 2539; x_wconf 79' lang='lat' dir='ltr'><strong>omaciuspmph&#39;ottco</strong></span> <span class='ocrx_word' id='word_1_160' title='bbox 858 2457 970 2539; x_wconf 90' lang='lat' dir='ltr'><strong>spiritu</strong></span> <span class='ocrx_word' id='word_1_161' title='bbox 993 2457 1169 2520; x_wconf 86' lang='lat' dir='ltr'><strong>futurorum</strong></span> <span class='ocrx_word' id='word_1_162' title='bbox 1190 2457 1253 2548; x_wconf 69' lang='lat' dir='ltr'><strong>hoc</strong></span> 
     </span>
     <span class='ocr_line' id='line_1_21' title="bbox 92 2560 1254 2644; baseline -0.002 -19"><span class='ocrx_word' id='word_1_163' title='bbox 92 2562 170 2625; x_wconf 82' lang='lat' dir='ltr'><strong>lecit</strong></span> <span class='ocrx_word' id='word_1_164' title='bbox 195 2563 285 2626; x_wconf 85' lang='lat' dir='ltr'><strong>ideo:</strong></span> <span class='ocrx_word' id='word_1_165' title='bbox 304 2582 379 2628; x_wconf 89' lang='lat' dir='ltr'><strong>uam</strong></span> <span class='ocrx_word' id='word_1_166' title='bbox 401 2563 476 2632; x_wconf 85' lang='lat' dir='ltr'><strong>darn</strong></span> <span class='ocrx_word' id='word_1_167' title='bbox 503 2561 805 2626; x_wconf 70' lang='lat' dir='ltr'><strong>Nabuchodonosor</strong></span> <span class='ocrx_word' id='word_1_168' title='bbox 820 2562 930 2624; x_wconf 87' lang='lat' dir='ltr'><strong>urbem</strong></span> <span class='ocrx_word' id='word_1_169' title='bbox 959 2560 1206 2644; x_wconf 59' lang='lat' dir='ltr'><strong>destruxisset,</strong></span> <span class='ocrx_word' id='word_1_170' title='bbox 1220 2569 1254 2627; x_wconf 81' lang='lat' dir='ltr'><strong>&#39;et</strong></span> 
     </span>
     <span class='ocr_line' id='line_1_22' title="bbox 2 2666 1254 2759; baseline -0.001 -30"><span class='ocrx_word' id='word_1_171' title='bbox 2 2738 5 2759; x_wconf 26' lang='grc' dir='ltr'><strong>Υ</strong></span> <span class='ocrx_word' id='word_1_172' title='bbox 95 2666 248 2748; x_wconf 88' lang='lat' dir='ltr'><strong>templum</strong></span> <span class='ocrx_word' id='word_1_173' title='bbox 270 2669 520 2751; x_wconf 81' lang='lat' dir='ltr'><strong>combussisset,</strong></span> <span class='ocrx_word' id='word_1_174' title='bbox 553 2675 588 2730; x_wconf 84' lang='lat' dir='ltr'><strong>et</strong></span> <span class='ocrx_word' id='word_1_175' title='bbox 608 2667 671 2729; x_wconf 92' lang='lat' dir='ltr'><strong>hac</strong></span> <span class='ocrx_word' id='word_1_176' title='bbox 699 2673 801 2728; x_wconf 88' lang='lat' dir='ltr'><strong>strata</strong></span> <span class='ocrx_word' id='word_1_177' title='bbox 821 2666 972 2748; x_wconf 91' lang='lat' dir='ltr'><strong>populum</strong></span> <span class='ocrx_word' id='word_1_178' title='bbox 996 2667 1057 2732; x_wconf 86' lang='lat' dir='ltr'><strong>Dei</strong></span> <span class='ocrx_word' id='word_1_179' title='bbox 1090 2668 1254 2748; x_wconf 82' lang='lat' dir='ltr'><strong>captivum</strong></span> 
     </span>
     <span class='ocr_line' id='line_1_23' title="bbox 93 2769 1254 2854; baseline -0.002 -20"><span class='ocrx_word' id='word_1_180' title='bbox 93 2769 186 2834; x_wconf 85' lang='lat' dir='ltr'><strong>duxit</strong></span> <span class='ocrx_word' id='word_1_181' title='bbox 212 2771 455 2854; x_wconf 83' lang='lat' dir='ltr'><strong>inPersidem,</strong></span> <span class='ocrx_word' id='word_1_182' title='bbox 483 2786 558 2836; x_wconf 88' lang='lat' dir='ltr'><strong>cnm</strong></span> <span class='ocrx_word' id='word_1_183' title='bbox 585 2770 791 2852; x_wconf 83' lang='lat' dir='ltr'><strong>sepulchrum</strong></span> <span class='ocrx_word' id='word_1_184' title='bbox 823 2769 902 2832; x_wconf 90' lang='lat' dir='ltr'><strong>illud</strong></span> <span class='ocrx_word' id='word_1_185' title='bbox 939 2771 1104 2853; x_wconf 89' lang='lat' dir='ltr'><strong>transivit,</strong></span> <span class='ocrx_word' id='word_1_186' title='bbox 1139 2770 1254 2835; x_wconf 86' lang='lat' dir='ltr'><strong>extulit</strong></span> 
     </span>
     <span class='ocr_line' id='line_1_24' title="bbox 91 2873 1254 2956; baseline 0 -20"><span class='ocrx_word' id='word_1_187' title='bbox 91 2873 217 2937; x_wconf 77' lang='lat' dir='ltr'><strong>Rachel</strong></span> <span class='ocrx_word' id='word_1_188' title='bbox 239 2874 347 2938; x_wconf 88' lang='lat' dir='ltr'><strong>divino</strong></span> <span class='ocrx_word' id='word_1_189' title='bbox 366 2876 522 2940; x_wconf 88' lang='lat' dir='ltr'><strong>miraculo</strong></span> <span class='ocrx_word' id='word_1_190' title='bbox 544 2892 656 2939; x_wconf 82' lang='lat' dir='ltr'><strong>rocem</strong></span> <span class='ocrx_word' id='word_1_191' title='bbox 678 2875 805 2956; x_wconf 82' lang='lat' dir='ltr'><strong>maguis</strong></span> <span class='ocrx_word' id='word_1_192' title='bbox 835 2875 964 2938; x_wconf 86' lang='lat' dir='ltr'><strong>fletibus</strong></span> <span class='ocrx_word' id='word_1_193' title='bbox 1002 2874 1044 2938; x_wconf 90' lang='lat' dir='ltr'><strong>do</strong></span> <span class='ocrx_word' id='word_1_194' title='bbox 1075 2873 1254 2956; x_wconf 84' lang='lat' dir='ltr'><strong>sepulchro</strong></span> 
     </span>
     <span class='ocr_line' id='line_1_25' title="bbox 82 2977 1256 3061; baseline 0 -21"><span class='ocrx_word' id='word_1_195' title='bbox 82 2979 298 3060; x_wconf 84' lang='lat' dir='ltr'><strong>proclamans</strong></span> <span class='ocrx_word' id='word_1_196' title='bbox 328 2979 442 3042; x_wconf 84' lang='lat' dir='ltr'><strong>hostes</strong></span> <span class='ocrx_word' id='word_1_197' title='bbox 481 2988 514 3041; x_wconf 83' lang='lat' dir='ltr'><strong>et</strong></span> <span class='ocrx_word' id='word_1_198' title='bbox 541 2980 793 3043; x_wconf 87' lang='lat' dir='ltr'><strong>misericordiam</strong></span> <span class='ocrx_word' id='word_1_199' title='bbox 821 2977 961 3044; x_wconf 88' lang='lat' dir='ltr'><strong>divinam</strong></span> <span class='ocrx_word' id='word_1_200' title='bbox 989 2977 1181 3061; x_wconf 82' lang='lat' dir='ltr'><strong>implorans3</strong></span> <span class='ocrx_word' id='word_1_201' title='bbox 1214 2977 1256 3040; x_wconf 91' lang='lat' dir='ltr'><strong>dc</strong></span> 
     </span>
    </p>
   </div>
   <div class='ocr_carea' id='block_1_5' title="bbox 6 3077 1256 3149">
    <p class='ocr_par' dir='ltr' id='par_1_5' title="bbox 6 3077 1256 3149">
     <span class='ocr_line' id='line_1_26' title="bbox 6 3077 1256 3149; baseline 0 -5"><span class='ocrx_word' id='word_1_202' title='bbox 6 3077 9 3087; x_wconf 89' lang='lat'>&#39;</span> <span class='ocrx_word' id='word_1_203' title='bbox 94 3082 157 3146; x_wconf 93' lang='lat' dir='ltr'><strong>hoc</strong></span> <span class='ocrx_word' id='word_1_204' title='bbox 177 3083 339 3149; x_wconf 77' lang='lat' dir='ltr'><strong>doremiae</strong></span> <span class='ocrx_word' id='word_1_205' title='bbox 357 3083 520 3148; x_wconf 19' lang='lat' dir='ltr'><strong>atrztvox-</strong></span> <span class='ocrx_word' id='word_1_206' title='bbox 535 3084 568 3147; x_wconf 91' lang='lat' dir='ltr'><strong>iu</strong></span> <span class='ocrx_word' id='word_1_207' title='bbox 583 3085 687 3147; x_wconf 83' lang='lat' dir='ltr'><strong>Rama</strong></span> <span class='ocrx_word' id='word_1_208' title='bbox 708 3083 818 3146; x_wconf 83' lang='lat' dir='ltr'><strong>audita</strong></span> <span class='ocrx_word' id='word_1_209' title='bbox 839 3091 974 3146; x_wconf 84' lang='lat' dir='ltr'><strong>est-etc.</strong></span> <span class='ocrx_word' id='word_1_210' title='bbox 998 3084 1121 3147; x_wconf 89' lang='lat' dir='ltr'><strong>Verum</strong></span> <span class='ocrx_word' id='word_1_211' title='bbox 1142 3083 1256 3146; x_wconf 88' lang='lat' dir='ltr'><strong>catho-</strong></span> 
     </span>
    </p>
   </div>
   <div class='ocr_carea' id='block_1_6' title="bbox 7 3188 1261 3899">
    <p class='ocr_par' dir='ltr' id='par_1_6' title="bbox 7 3188 1261 3899">
     <span class='ocr_line' id='line_1_27' title="bbox 97 3188 1257 3273; baseline 0.002 -23"><span class='ocrx_word' id='word_1_212' title='bbox 97 3188 152 3251; x_wconf 89' lang='lat' dir='ltr'><strong>lici</strong></span> <span class='ocrx_word' id='word_1_213' title='bbox 169 3188 333 3255; x_wconf 85' lang='lat' dir='ltr'><strong>doctores</strong></span> <span class='ocrx_word' id='word_1_214' title='bbox 363 3189 522 3273; x_wconf 83' lang='lat' dir='ltr'><strong>ploratum</strong></span> <span class='ocrx_word' id='word_1_215' title='bbox 553 3189 679 3254; x_wconf 82' lang='lat' dir='ltr'><strong>Rachel</strong></span> <span class='ocrx_word' id='word_1_216' title='bbox 711 3188 752 3251; x_wconf 93' lang='lat' dir='ltr'><strong>de</strong></span> <span class='ocrx_word' id='word_1_217' title='bbox 782 3189 1006 3254; x_wconf 84' lang='lat' dir='ltr'><strong>interlectione</strong></span> <span class='ocrx_word' id='word_1_218' title='bbox 1022 3189 1257 3252; x_wconf 60' lang='lat' dir='ltr'><strong>⁴innocentium</strong></span> 
     </span>
     <span class='ocr_line' id='line_1_28' title="bbox 95 3291 1256 3377; baseline -0.003 -23"><span class='ocrx_word' id='word_1_219' title='bbox 95 3305 278 3377; x_wconf 85' lang='lat' dir='ltr'><strong>exponunt,</strong></span> <span class='ocrx_word' id='word_1_220' title='bbox 310 3295 519 3358; x_wconf 81' lang='lat' dir='ltr'><strong>Mattlraei&#39;l.</strong></span> <span class='ocrx_word' id='word_1_221' title='bbox 561 3292 687 3358; x_wconf 76' lang='lat' dir='ltr'><strong>Rachel</strong></span> <span class='ocrx_word' id='word_1_222' title='bbox 708 3301 812 3356; x_wconf 89' lang='lat' dir='ltr'><strong>autem</strong></span> <span class='ocrx_word' id='word_1_223' title='bbox 839 3291 1016 3355; x_wconf 86' lang='lat' dir='ltr'><strong>seeundum</strong></span> <span class='ocrx_word' id='word_1_224' title='bbox 1044 3292 1256 3372; x_wconf 85' lang='lat' dir='ltr'><strong>Jeronymum</strong></span> 
     </span>
     <span class='ocr_line' id='line_1_29' title="bbox 96 3393 1257 3480; baseline -0.009 -16"><span class='ocrx_word' id='word_1_225' title='bbox 96 3395 214 3464; x_wconf 82' lang='lat' dir='ltr'><strong>dicitur</strong></span> <span class='ocrx_word' id='word_1_226' title='bbox 231 3407 332 3462; x_wconf 90' lang='lat' dir='ltr'><strong>mater</strong></span> <span class='ocrx_word' id='word_1_227' title='bbox 350 3417 523 3480; x_wconf 86' lang='lat' dir='ltr'><strong>puerorum</strong></span> <span class='ocrx_word' id='word_1_228' title='bbox 543 3398 737 3461; x_wconf 86' lang='lat' dir='ltr'><strong>Bethlehem·</strong></span> <span class='ocrx_word' id='word_1_229' title='bbox 753 3405 786 3460; x_wconf 83' lang='lat' dir='ltr'><strong>at</strong></span> <span class='ocrx_word' id='word_1_230' title='bbox 806 3395 893 3458; x_wconf 88' lang='lat' dir='ltr'><strong>illius</strong></span> <span class='ocrx_word' id='word_1_231' title='bbox 915 3395 1073 3476; x_wconf 83' lang='lat' dir='ltr'><strong>regionis,</strong></span> <span class='ocrx_word' id='word_1_232' title='bbox 1090 3393 1257 3476; x_wconf 59' lang='lat' dir='ltr'><strong>muamus</strong></span> 
     </span>
     <span class='ocr_line' id='line_1_30' title="bbox 97 3493 1257 3585; baseline -0.004 -21"><span class='ocrx_word' id='word_1_233' title='bbox 97 3501 284 3564; x_wconf 74' lang='lat' dir='ltr'><strong>essene-do</strong></span> <span class='ocrx_word' id='word_1_234' title='bbox 315 3503 408 3585; x_wconf 71' lang='lat' dir='ltr'><strong>lieo,</strong></span> <span class='ocrx_word' id='word_1_235' title='bbox 438 3503 514 3585; x_wconf 89' lang='lat' dir='ltr'><strong>quia</strong></span> <span class='ocrx_word' id='word_1_236' title='bbox 543 3502 670 3570; x_wconf 81' lang='lat' dir='ltr'><strong>Rachel</strong></span> <span class='ocrx_word' id='word_1_237' title='bbox 698 3502 743 3568; x_wconf 89' lang='lat' dir='ltr'><strong>ibi</strong></span> <span class='ocrx_word' id='word_1_238' title='bbox 775 3517 870 3566; x_wconf 86' lang='lat' dir='ltr'><strong>snum</strong></span> <span class='ocrx_word' id='word_1_239' title='bbox 897 3497 1095 3565; x_wconf 86' lang='lat' dir='ltr'><strong>mauseolum</strong></span> <span class='ocrx_word' id='word_1_240' title='bbox 1135 3493 1257 3578; x_wconf 82' lang='lat' dir='ltr'><strong>habuit,</strong></span> 
     </span>
     <span class='ocr_line' id='line_1_31' title="bbox 7 3601 1260 3693; baseline -0.004 -25"><span class='ocrx_word' id='word_1_241' title='bbox 7 3663 15 3693; x_wconf 56' lang='lat'><strong>,</strong></span> <span class='ocrx_word' id='word_1_242' title='bbox 97 3605 291 3670; x_wconf 87' lang='lat' dir='ltr'><strong>intitulatum</strong></span> <span class='ocrx_word' id='word_1_243' title='bbox 312 3607 500 3677; x_wconf 79' lang='lat' dir='ltr'><strong>solenniter.</strong></span> <span class='ocrx_word' id='word_1_244' title='bbox 535 3607 600 3672; x_wconf 88' lang='lat' dir='ltr'><strong>Hic</strong></span> <span class='ocrx_word' id='word_1_245' title='bbox 617 3613 728 3693; x_wconf 23' lang='lat' dir='ltr'><strong>,autem</strong></span> <span class='ocrx_word' id='word_1_246' title='bbox 750 3601 863 3667; x_wconf 88' lang='lat' dir='ltr'><strong>titulus</strong></span> <span class='ocrx_word' id='word_1_247' title='bbox 881 3610 933 3665; x_wconf 84' lang='lat' dir='ltr'><strong>est</strong></span> <span class='ocrx_word' id='word_1_248' title='bbox 955 3604 1106 3684; x_wconf 87' lang='lat' dir='ltr'><strong>pyramis·</strong></span> <span class='ocrx_word' id='word_1_249' title='bbox 1121 3602 1196 3684; x_wconf 85' lang='lat' dir='ltr'><strong>alta,</strong></span> <span class='ocrx_word' id='word_1_250' title='bbox 1219 3601 1260 3666; x_wconf 91' lang='lat' dir='ltr'><strong>de</strong></span> 
     </span>
     <span class='ocr_line' id='line_1_32' title="bbox 95 3705 1259 3796; baseline -0.003 -27"><span class='ocrx_word' id='word_1_251' title='bbox 95 3708 259 3791; x_wconf 85' lang='lat' dir='ltr'><strong>lapidibus</strong></span> <span class='ocrx_word' id='word_1_252' title='bbox 288 3709 371 3774; x_wconf 86' lang='lat' dir='ltr'><strong>albis</strong></span> <span class='ocrx_word' id='word_1_253' title='bbox 401 3712 566 3796; x_wconf 85' lang='lat' dir='ltr'><strong>quadratis</strong></span> <span class='ocrx_word' id='word_1_254' title='bbox 588 3707 775 3792; x_wconf 60' lang='lat' dir='ltr'><strong>amolitis·</strong></span> <span class='ocrx_word' id='word_1_255' title='bbox 800 3706 975 3790; x_wconf 83' lang='lat' dir='ltr'><strong>fabricata,</strong></span> <span class='ocrx_word' id='word_1_256' title='bbox 991 3759 994 3768; x_wconf 19' lang='grc' dir='ltr'><strong>Α</strong></span> <span class='ocrx_word' id='word_1_257' title='bbox 1010 3715 1058 3769; x_wconf 55' lang='lat' dir='ltr'><strong>et¹</strong></span> <span class='ocrx_word' id='word_1_258' title='bbox 1076 3714 1127 3770; x_wconf 85' lang='lat' dir='ltr'><strong>est</strong></span> <span class='ocrx_word' id='word_1_259' title='bbox 1163 3705 1259 3772; x_wconf 87' lang='lat' dir='ltr'><strong>hodie</strong></span> 
     </span>
     <span class='ocr_line' id='line_1_33' title="bbox 97 3813 1261 3899; baseline -0.003 -24"><span class='ocrx_word' id='word_1_260' title='bbox 97 3813 233 3896; x_wconf 84' lang='lat' dir='ltr'><strong>pulchra</strong></span> <span class='ocrx_word' id='word_1_261' title='bbox 253 3815 405 3899; x_wconf 75' lang='lat' dir='ltr'><strong>capella,¹</strong></span> <span class='ocrx_word' id='word_1_262' title='bbox 419 3817 554 3882; x_wconf 75' lang='lat' dir='ltr'><strong>formam</strong></span> <span class='ocrx_word' id='word_1_263' title='bbox 574 3815 697 3880; x_wconf 87' lang='lat' dir='ltr'><strong>habens</strong></span> <span class='ocrx_word' id='word_1_264' title='bbox 718 3813 804 3876; x_wconf 86' lang='lat' dir='ltr'><strong>sicut</strong></span> <span class='ocrx_word' id='word_1_265' title='bbox 826 3813 951 3896; x_wconf 87' lang='lat' dir='ltr'><strong>capella</strong></span> <span class='ocrx_word' id='word_1_266' title='bbox 970 3829 1067 3894; x_wconf 82' lang='lat' dir='ltr'><strong>nora,</strong></span> <span class='ocrx_word' id='word_1_267' title='bbox 1088 3829 1173 3893; x_wconf 86' lang='lat' dir='ltr'><strong>quoe</strong></span> <span class='ocrx_word' id='word_1_268' title='bbox 1195 3819 1261 3877; x_wconf 86' lang='lat' dir='ltr'><strong>stat</strong></span> 
     </span>
    </p>
   </div>
   <div class='ocr_carea' id='block_1_7' title="bbox 4 3913 1256 3999">
    <p class='ocr_par' dir='ltr' id='par_1_7' title="bbox 4 3913 1256 3999">
     <span class='ocr_line' id='line_1_34' title="bbox 4 3913 1256 3999; baseline -0.003 -21"><span class='ocrx_word' id='word_1_269' title='bbox 4 3947 11 3978; x_wconf 67' lang='grc' dir='ltr'><strong>ι</strong></span> <span class='ocrx_word' id='word_1_270' title='bbox 97 3919 131 3983; x_wconf 83' lang='grc' dir='ltr'><strong>ἰιι</strong></span> <span class='ocrx_word' id='word_1_271' title='bbox 153 3918 258 3983; x_wconf 87' lang='lat' dir='ltr'><strong>medio</strong></span> <span class='ocrx_word' id='word_1_272' title='bbox 279 3921 463 3990; x_wconf 84' lang='lat' dir='ltr'><strong>coemeterii</strong></span> <span class='ocrx_word' id='word_1_273' title='bbox 481 3919 537 3982; x_wconf 75' lang='lat' dir='ltr'><strong>‚ad</strong></span> <span class='ocrx_word' id='word_1_274' title='bbox 558 3934 670 3983; x_wconf 83' lang='lat' dir='ltr'><strong>omnes</strong></span> <span class='ocrx_word' id='word_1_275' title='bbox 691 3916 832 3992; x_wconf 84' lang='lat' dir='ltr'><strong>Sanctus</strong></span> <span class='ocrx_word' id='word_1_276' title='bbox 861 3918 894 3980; x_wconf 90' lang='lat' dir='ltr'><strong>in</strong></span> <span class='ocrx_word' id='word_1_277' title='bbox 930 3917 1039 3999; x_wconf 87' lang='lat' dir='ltr'><strong>Ulmo,</strong></span> <span class='ocrx_word' id='word_1_278' title='bbox 1054 3915 1133 3976; x_wconf 86' lang='lat' dir='ltr'><strong>¹nisi</strong></span> <span class='ocrx_word' id='word_1_279' title='bbox 1168 3913 1256 3996; x_wconf 83' lang='lat' dir='ltr'><strong>qnod</strong></span> 
     </span>
    </p>
   </div>
   <div class='ocr_carea' id='block_1_8' title="bbox 99 4018 1261 4210">
    <p class='ocr_par' dir='ltr' id='par_1_8' title="bbox 99 4018 1261 4210">
     <span class='ocr_line' id='line_1_35' title="bbox 99 4018 1261 4105; baseline -0.006 -21"><span class='ocrx_word' id='word_1_280' title='bbox 99 4023 450 4105; x_wconf 72' lang='lat' dir='ltr'><strong>sepulchrumlbachel</strong></span> <span class='ocrx_word' id='word_1_281' title='bbox 471 4031 522 4088; x_wconf 86' lang='lat' dir='ltr'><strong>est</strong></span> <span class='ocrx_word' id='word_1_282' title='bbox 543 4028 653 4102; x_wconf 86' lang='lat' dir='ltr'><strong>totum</strong></span> <span class='ocrx_word' id='word_1_283' title='bbox 677 4021 839 4102; x_wconf 87' lang='lat' dir='ltr'><strong>lapideum</strong></span> <span class='ocrx_word' id='word_1_284' title='bbox 873 4041 937 4084; x_wconf 90' lang='lat' dir='ltr'><strong>uon</strong></span> <span class='ocrx_word' id='word_1_285' title='bbox 949 4020 1125 4086; x_wconf 79' lang='lat' dir='ltr'><strong>&#39;festucam</strong></span> <span class='ocrx_word' id='word_1_286' title='bbox 1138 4018 1261 4080; x_wconf 91' lang='lat' dir='ltr'><strong>habens</strong></span> 
     </span>
     <span class='ocr_line' id='line_1_36' title="bbox 100 4121 1261 4210; baseline -0.013 -13"><span class='ocrx_word' id='word_1_287' title='bbox 100 4125 142 4197; x_wconf 79' lang='lat' dir='ltr'><strong>de</strong></span> <span class='ocrx_word' id='word_1_288' title='bbox 174 4127 270 4210; x_wconf 83' lang='lat' dir='ltr'><strong>liguo.</strong></span> <span class='ocrx_word' id='word_1_289' title='bbox 323 4129 367 4190; x_wconf 76' lang='lat' dir='ltr'><strong>nt</strong></span> <span class='ocrx_word' id='word_1_290' title='bbox 394 4127 489 4208; x_wconf 83' lang='lat' dir='ltr'><strong>juxta</strong></span> <span class='ocrx_word' id='word_1_291' title='bbox 527 4124 867 4208; x_wconf 85' lang='lat' dir='ltr'><strong>sepulchrumposuit</strong></span> <span class='ocrx_word' id='word_1_292' title='bbox 885 4127 1007 4192; x_wconf 77' lang='lat' dir='ltr'><strong>.dacoh</strong></span> <span class='ocrx_word' id='word_1_293' title='bbox 1040 4125 1105 4186; x_wconf 90' lang='lat' dir='ltr'><strong>Xll</strong></span> <span class='ocrx_word' id='word_1_294' title='bbox 1137 4121 1261 4202; x_wconf 86' lang='lat' dir='ltr'><strong>lapidos</strong></span> 
     </span>
    </p>
   </div>
   <div class='ocr_carea' id='block_1_9' title="bbox 4 4225 1263 4312">
    <p class='ocr_par' dir='ltr' id='par_1_9' title="bbox 4 4225 1263 4312">
     <span class='ocr_line' id='line_1_37' title="bbox 4 4225 1263 4312; baseline -0.006 -18"><span class='ocrx_word' id='word_1_295' title='bbox 4 4261 20 4285; x_wconf 60' lang='lat' dir='ltr'><strong>a</strong></span> <span class='ocrx_word' id='word_1_296' title='bbox 95 4231 188 4312; x_wconf 81' lang='lat' dir='ltr'><strong>juxta</strong></span> <span class='ocrx_word' id='word_1_297' title='bbox 209 4251 374 4307; x_wconf 87' lang='lat' dir='ltr'><strong>numerum</strong></span> <span class='ocrx_word' id='word_1_298' title='bbox 396 4231 564 4300; x_wconf 86' lang='lat' dir='ltr'><strong>duodecim</strong></span> <span class='ocrx_word' id='word_1_299' title='bbox 585 4229 722 4300; x_wconf 83' lang='lat' dir='ltr'><strong>filiarum</strong></span> <span class='ocrx_word' id='word_1_300' title='bbox 746 4246 886 4304; x_wconf 71' lang='lat' dir='ltr'><strong>surorum.</strong></span> <span class='ocrx_word' id='word_1_301' title='bbox 931 4229 985 4296; x_wconf 83' lang='lat' dir='ltr'><strong>Ad</strong></span> <span class='ocrx_word' id='word_1_302' title='bbox 1009 4229 1099 4290; x_wconf 86' lang='lat' dir='ltr'><strong>latus</strong></span> <span class='ocrx_word' id='word_1_303' title='bbox 1117 4225 1263 4306; x_wconf 83' lang='lat' dir='ltr'><strong>capellae</strong></span> 
     </span>
    </p>
   </div>
   <div class='ocr_carea' id='block_1_10' title="bbox 1024 4326 1059 4383">
    <p class='ocr_par' dir='ltr' id='par_1_10' title="bbox 1024 4326 1059 4383">
     <span class='ocr_line' id='line_1_38' title="bbox 1024 4326 1059 4383; baseline 0 0"><span class='ocrx_word' id='word_1_304' title='bbox 1024 4326 1059 4383; x_wconf 80' lang='lat'><strong>28</strong></span> 
     </span>
    </p>
   </div>
   <div class='ocr_carea' id='block_1_11' title="bbox 0 0 1418 4778">
    <p class='ocr_par' dir='ltr' id='par_1_11' title="bbox 0 0 1418 4778">
     <span class='ocr_line' id='line_1_39' title="bbox 0 0 1418 4778; baseline 0 0"><span class='ocrx_word' id='word_1_305' title='bbox 0 0 1418 4778; x_wconf 95' lang='lat' dir='ltr'><strong> </strong></span> 
     </span>
    </p>
   </div>
  </div>
 </body>
</html>
