2608 4842
703 125 767 191 272

142 327 202 404 De
226 325 321 416 loco,
344 324 404 402 ubi
427 323 496 401 fuit
520 323 737 400 domicilium
756 323 793 401 b.
812 325 966 400 Mariae
986 320 1184 422 Virginis,
1212 318 1260 396 int

469 443 641 546 migravit
663 445 709 520 ab
733 444 805 521 hoc
826 441 1010 523 saeculo.

225 626 472 713 consequenter
495 629 535 691 ab
558 628 621 692 hoc
648 626 719 691 loco
741 647 807 691 non
827 629 925 712 louge
979 629 1158 693 venimus
1189 625 1271 688 addi

143 733 249 798 locum
271 735 409 797 maceria
440 735 546 798 altiori
577 733 826 816 circumdatum,
855 734 994 818 inquo
1032 733 1191 797 creditur
1217 729 1275 793 stct'a

142 839 173 902 b.
194 837 345 922 Virginis
371 841 497 902 Mariae
518 838 731 920 domicilium,
755 840 932 902 olivitam
961 839 1205 903 domesticam
1230 835 1278 914 agel

143 945 240 1006 annis
261 945 364 1008 Xllll.
407 947 445 1007 ln
477 943 663 1009 Alchorano
694 943 892 1010 Machomcti
915 943 1078 1025 dicitur,
1114 940 1203 1026 qood
1224 947 1280 1000 tna

142 1049 185 1112 V.
208 1050 303 1113 annis
334 1058 501 1132 superstes
534 1049 610 1132 luit,
645 1056 678 1110 ct
706 1049 740 1110 in
761 1054 831 1112 toto
852 1067 1026 1114 annorum
1064 1049 1162 1111 LIII.
1185 1045 1283 1122 vinti

141 1155 239 1220 habet
267 1153 376 1218 Nicol.
407 1154 449 1217 dc
480 1151 579 1217 Cusa.
608 1153 662 1216 lto.
694 1154 725 1218 2.
757 1171 827 1237 cap.
858 1153 908 1222 15.
946 1154 1090 1239 Aliqui
1127 1152 1232 1214 dicuin
1251 1145 1283 1227 pla

142 1259 243 1344 aliqui
263 1263 380 1343 mnus,
401 1268 476 1342 post
489 1259 622 1322 Domini
641 1259 877 1322 ascensionem.
899 1259 943 1322 Et
966 1263 1011 1322 iu
1045 1278 1104 1322 ea·
1120 1257 1206 1321 diem
1224 1249 1284 1313 clad

138 1374 330 1429 extremum.
352 1366 641 1449 Appropinquante
664 1365 747 1428 enim
760 1381 842 1430 suae
852 1364 942 1428 vitae
963 1365 1132 1428 termino
1155 1357 1284 1422 esaim

142 1473 198 1554 qui
227 1470 405 1534 advenerat
436 1489 509 1534 cum
543 1468 682 1534 caeteris
711 1468 898 1551 Apostolis,
932 1472 1070 1552 petivit
1102 1467 1284 1530 sacramento

141 1583 306 1638 masmae
336 1577 511 1640 unctionis:
544 1574 701 1660 quamvis·
721 1591 783 1636 nec
814 1573 961 1656 infirma,
994 1591 1077 1637 areo
1112 1569 1235 1647 debilis,
1256 1577 1282 1622 ot

141 1680 266 1744 viribus
289 1679 444 1742 destitute
473 1689 579 1762 essct,
610 1696 672 1741 nec
693 1697 735 1741 ex
756 1679 848 1741 senio
876 1678 1078 1742 deiectione
1104 1675 1282 1748 mulceat

142 1801 202 1867 per
222 1799 426 1867 consequens
468 1805 533 1848 non
561 1792 727 1846 teneretur
752 1783 814 1848 hoc
846 1793 1105 1848 sacramentum
1129 1781 1202 1864 (B)
1218 1771 1278 1836 ⁸¹1⁸&P

141 1907 237 1973 pere,
259 1891 334 1972 quia
354 1898 479 1954 tantum
497 1889 649 1952 debilium
671 1895 739 1973 est3
762 1897 868 1951 tamen
890 1889 966 1954 huic
994 1887 1189 1973 privilegio
1213 1883 1280 1942 iun*

143 1997 254 2062 nitatis
274 1997 315 2058 ab
328 1996 512 2059 infirmitate
529 1995 709 2076 resignavit
722 2002 757 2057 et
774 1994 960 2079 occultavit,
977 1995 1062 2058 dnm
1088 1993 1135 2055 ad
1152 1996 1275 2052 extremo

143 2103 232 2164 vitae
261 2102 368 2163 venit:
416 2101 502 2164 sicut
534 2100 738 2182 privilegium
770 2099 969 2183 virginitatis
1004 2098 1187 2164 occultare
1212 2085 1276 2150 volnt

144 2205 221 2269 dum
251 2205 293 2268 ad
323 2205 501 2288 legitimam
539 2204 795 2288 purificationem
833 2206 981 2268 accessit.
1035 2206 1089 2268 Et
1129 2193 1274 2264 decurrite

144 2330 252 2375 amore
275 2309 518 2392 ardentissimo,
552 2308 737 2374 dulcissime
765 2311 941 2394 languens,
976 2310 1061 2375 hec·
1084 2305 1275 2372 sacrament!

143 2435 201 2497 prc
220 2416 444 2498 peccatoribus
464 2416 647 2478 institutum
679 2415 841 2480 humiliter
860 2417 1019 2499 suscepit:
1046 2424 1086 2479 et
1113 2415 1149 2476 in
1171 2426 1204 2470 oo
1220 2419 1272 2465 0⁰²·

144 2519 252 2602 plotae
283 2521 439 2584 victoriae
470 2522 665 2604 praeteritae
692 2529 725 2583 ct
743 2521 859 2604 plenae
887 2521 1013 2586 futurae
1039 2502 1271 2606 gloriossimi

145 2624 305 2688 cationcm
325 2625 424 2689 vidit:
457 2634 491 2689 ct
520 2626 593 2690 loco
622 2627 821 2690 remissionis
854 2627 1028 2690 venialium
1063 2624 1168 2690 totius
1197 2607 1282 2689 dolant

143 2732 476 2814 praetermissionem,
518 2751 577 2814 pro
623 2730 817 2794 infirmitatis
849 2746 930 2793 vero
969 2731 1186 2795 alleviatione
1212 2713 1270 2778 teia

137 2833 288 2916 corporis
308 2835 582 2917 glorificationem.
627 2835 837 2900 Sacramento
860 2843 967 2898 autem
987 2842 1148 2920 suscepto
1176 2824 1281 2889 annu*

144 2938 178 3000 in
207 2956 321 3002 manus
354 2940 417 3004 Dei
458 2941 712 3023 commendavit,
755 2941 831 3006 hinc
877 2942 1039 3023 emigrans
1080 2931 1278 3004 circumstant

144 3041 286 3125 glorioso
315 3045 544 3128 Apostolorum
568 3046 665 3110 choro
687 3055 721 3109 et
742 3046 879 3110 candido
900 3044 993 3110 CXX
1023 3047 1184 3132 virginum
1201 3037 1281 3102 aaut

145 3157 179 3212 et
213 3149 384 3213 multarum
415 3148 603 3235 viduarum,
645 3169 827 3236 corpusque
858 3170 952 3216 suum
977 3154 1058 3235 ipsis
1089 3133 1263 3233 sepeliendo

144 3253 322 3341 dereliquit:
363 3256 402 3316 ln
422 3253 484 3319 hoc
505 3275 583 3338 ergo
610 3265 724 3319 sancto
745 3257 816 3319 loco
838 3256 880 3319 ad
902 3257 1078 3321 cretionem
1108 3243 1265 3340 procidoul

144 3371 178 3424 et
197 3363 335 3445 hymnos
357 3378 397 3424 ac
417 3360 531 3424 laudes
551 3361 771 3445 praescriptas
793 3360 1056 3446 decantavimus,
1080 3372 1113 3426 et
1132 3349 1279 3428 inungo,

143 3467 208 3528 tias
223 3466 386 3548 plenariae
399 3466 597 3530 remissionis
612 3465 891 3549 accepimustffl.
914 3467 979 3529 Hic
994 3467 1086 3530 locus
1103 3450 1264 3546 „ingeldo

144 3571 179 3630 in
208 3585 326 3652 magna
354 3573 563 3635 veneratione
590 3571 733 3636 habetur¹
756 3573 796 3634 ab
832 3573 980 3635 omnibus
1007 3568 1188 3638 consumis
1209 3562 1233 3618 ⁰¹
1249 3556 1278 3608 ¹*

145 3670 255 3736 multis
281 3672 491 3760 Sarracenis,
519 3695 581 3740 nec
601 3684 710 3742 tamen
739 3684 791 3740 cst
818 3677 863 3741 ibi
889 3677 1019 3762 aliquod
1043 3674 1209 3740 aedificium
1224 3652 1262 3722 ill

145 3778 293 3841 maceria.
335 3780 503 3846 haberant
523 3789 632 3848 autem
659 3781 754 3845 modo
780 3782 897 3845 iratres
918 3784 1059 3846 minores
1080 3778 1161 3867 apud
1177 3760 1258 3872 Sulla·¹

144 3899 238 3963 nuru,
260 3891 295 3945 ut
316 3883 408 3950 detur
429 3890 478 3950 cis
499 3888 630 3952 licentia
650 3885 842 3950 aedificandi
863 3888 908 3950 ihi
929 3887 1087 3971 capellam
1107 3894 1140 3950 et
1158 3859 1258 3958 „sigoni

143 3985 263 4070 altarc;
295 4007 360 4052 non
392 3991 478 4053 euim
516 3991 634 4055 audent
673 3991 846 4076 quidquam
882 4001 1029 4056 cemento
1058 3991 1183 4076 jungere
1209 3944 1277 4040 „nal

144 4092 276 4155 licentia
303 4095 391 4176 regis
421 4091 574 4176 soldani,
607 4105 640 4157 ct
661 4106 736 4159 sunt
757 4099 791 4158 in
812 4113 888 4179 spe,
922 4096 1008 4180 qnod
1049 4096 1193 4162 licentiam
1209 4075 1276 4162 eil,

144 4195 301 4274 adepturi.
332 4192 454 4252 Audivi
476 4201 583 4256 tamen
605 4197 751 4279 interim,
771 4199 858 4281 quod
879 4199 1072 4283 adplenum
1092 4220 1156 4268 cam
1174 4191 1250 4260 loliil
1275 4199 1276 4259 l
