2640 4792
568 155 630 220 199

7 351 206 406 *aratum
246 360 371 423 eorum,
404 350 438 402 et
459 355 596 423 magnas
630 341 740 402 ruinas
768 338 908 402 civitatis
940 337 1132 421 Joppensis,
1152 342 1185 398 et

7 448 231 511 univimus
261 445 341 510 duas
369 454 473 508 turres
499 446 533 508 in
561 444 626 507 alto
654 455 798 532 stantes,
831 465 915 531 quae
941 445 985 508 ibi
1013 441 1186 506 derelictae

6 561 46 614 nt
59 599 77 635 ,
105 563 149 616 et
176 551 327 635 singulis
349 550 493 619 lustratis
514 550 639 614 reduxit
661 573 722 617 nos
742 555 774 616 in
797 571 971 619 carcerem.
998 549 1185 614 Invenimus

6 667 102 720 tem
128 659 253 742 ipsam
275 656 462 740 speluncam
484 659 679 741 inquietam,
712 670 843 744 propter
865 661 1005 743 juvenes
1027 655 1186 724 Sarrace-

6 782 128 847 rum,
162 763 230 846 qui
266 762 404 827 diversis
439 762 542 826 modis
582 767 802 829 exercitabant
837 776 870 829 et
892 763 1056 829 vexabant
1089 777 1186 844 pere·

5 867 132 952 iaros,
172 877 215 930 et
240 869 358 931 multos
380 866 520 931 insultus
552 867 712 934 iaciebant
742 873 807 955 eis,
841 870 882 934 de
910 871 1026 954 quibus
1056 867 1186 948 longum

5 981 86 1036 set
121 973 257 1038 dicere.
300 972 468 1051 Quaerunt
494 974 581 1036 enim
611 993 683 1038 oum
715 975 875 1040 industria
905 976 1125 1051 occasionem,
1151 978 1188 1034 ut

5 1079 227 1162 eregrinnm
256 1078 439 1162 offendant,
467 1082 497 1142 si
522 1090 676 1164 possunt,
714 1084 787 1149 sine
813 1101 932 1166 magna
965 1078 1136 1144 occasione
1157 1079 1187 1139 ei

4 1193 97 1266 ata,
134 1193 171 1247 et
194 1205 237 1247 eo
261 1183 385 1248 offenso
407 1185 569 1266 accipiunt
595 1205 726 1250 oausam
748 1185 926 1268 irascendi,
960 1195 991 1247 ct
1020 1184 1189 1267 pecuniam

4 1288 217 1352 ustulandi.
276 1287 453 1353 Circueunt
492 1293 697 1374 peregrinos,
741 1302 773 1355 et
808 1290 959 1377 quicquid
1001 1289 1188 1372 repererint,

4 1402 183 1490 urantur,
221 1395 276 1458 vel
299 1396 435 1479 rapiunt,
458 1405 490 1458 et
521 1395 698 1480 aufugiunt.
742 1395 880 1475 Quidam
908 1395 1025 1460 nobilis
1055 1393 1190 1459 duxerat

3 1491 126 1562 'ocum
151 1499 196 1562 dc
220 1497 346 1563 Gaudia
366 1499 522 1584 grandem
543 1502 718 1566 flasconem
740 1521 813 1567 oum
835 1503 1003 1566 maliaseto
1036 1501 1188 1584 pretioso,

2 1615 31 1667 et
58 1607 180 1688 ipsum
203 1624 266 1669 vas
286 1607 500 1688 suspenderat
517 1608 612 1690 juxta
632 1628 669 1672 se
697 1610 738 1673 ad
760 1606 931 1694 parietem,
963 1607 1049 1691 quod
1069 1605 1187 1670 videns

2 1709 150 1794 quidam
173 1713 316 1794 armiger
347 1710 547 1776 Sarracenos
586 1734 644 1798 per
666 1715 804 1778 medium
825 1715 1065 1798 peregrinorum
1085 1713 1187 1794 irruit,

4 1823 40 1877 et
65 1815 252 1880 flasconem
273 1817 422 1899 arripuit,
442 1826 474 1878 et
496 1818 589 1904 sugit.
635 1819 714 1882 Post
735 1817 894 1883 modicum
926 1834 1079 1882 reversus
1105 1817 1189 1880 ilas·

2 1937 134 1982 comem
162 1930 356 1984 evacuatum
385 1921 657 1987 inhabitaculum
689 1925 833 2014 projecit.
877 1921 1015 2001 Quidam
1036 1921 1190 1985 imberbis

3 2023 151 2106 juvenis
172 2027 366 2110 peregrinus
387 2027 427 2088 de
457 2027 625 2091 lliooardia
655 2029 752 2092 valde
779 2029 838 2091 fuit
866 2049 923 2112 per
951 2046 1008 2091 eos
1049 2034 1190 2090 vexatus

8 2133 171 2214 turpibus
188 2131 291 2214 jocis,
317 2152 382 2194 non
409 2142 535 2216 poterat
556 2151 594 2196 se
615 2133 655 2196 ab
691 2137 740 2197 eis
771 2135 989 2212 abscondere,
1016 2140 1190 2217 quantuor

14 2255 154 2320 cunque
174 2237 316 2300 latitaret
335 2238 418 2318 inter
437 2239 637 2322 peregrinos,
655 2258 717 2303 nec
736 2257 849 2322 pacem
872 2236 1001 2302 habere.
1034 2237 1190 2320 Conqua-

15 2349 104 2406 stus
122 2348 176 2402 est
195 2349 304 2402 autem
329 2361 396 2404 rem
418 2341 723 2427 Tmtschelmanno,
755 2347 810 2428 qui
831 2345 924 2426 parvi
944 2343 1057 2426 pendit
1080 2342 1191 2423 queri·-

20 2447 178 2528 moniam,
200 2446 329 2509 dicens:
352 2447 382 2509 si
404 2447 521 2531 aliquis
542 2450 604 2510 sibl
630 2449 808 2532 irrogasset
829 2448 978 2531 injuriam
999 2457 1033 2509 et
1054 2463 1191 2529 percus*

24 2556 131 2616 sisset
151 2559 184 2612 et
203 2553 387 2635 nocuisset,
421 2553 523 2616 vellet
552 2573 624 2616 eum
658 2551 832 2616 defendere
854 2562 888 2616 et
910 2549 1102 2633 'vindicare3
1131 2549 1192 2612 sed

28 2664 162 2742 propter
178 2653 285 2738 jocum
304 2658 460 2741 juvenum
484 2677 548 2721 non
569 2667 682 2742 posset
704 2659 825 2744 aliquid
846 2659 969 2742 lacere,
1001 2675 1064 2720 nec
1080 2657 1189 2739 jocum

31 2763 200 2844 juvenibus
222 2763 428 2836 interdicere,
460 2765 534 2827 Hoc
551 2765 662 2828 audito
684 2769 873 2849 peregrinus
896 2765 968 2848 ille,
989 2779 1031 2826 nc
1051 2763 1189 2846 aliquam

36 2867 188 2931 maculam
225 2867 330 2932 lamae
368 2878 403 2933 et
436 2869 568 2934 honoris
606 2875 800 2956 incurreret,
836 2880 871 2934 et
906 2889 948 2932 ne
980 2869 1188 2933 cottidianam

39 2973 199 3038 ludibrium
232 2972 422 3038 Sarracanis
445 2983 553 3062 esset,
593 2978 777 3060 postposuit
812 2978 1122 3060 peregrinationem,
1156 2979 1190 3034 et

42 3079 188 3144 remeavit
206 3080 238 3144 in
260 3079 404 3164 galiam,
433 3083 542 3165 ibique
560 3081 765 3166 exspectavit
792 3083 878 3144 inter
905 3079 1062 3165 gatcotas,
1085 3079 1190 3142 donec

45 3188 192 3270 peregrini
222 3194 461 3250 reverterentur
491 3189 654 3269 percursis
687 3187 769 3251 locis
807 3189 940 3252 sanctis.
992 3189 1073 3251 Erat
1103 3187 1190 3246 enim

47 3292 218 3374 peregrinus
237 3289 292 3352 ille
309 3288 441 3373 juvenis
463 3291 560 3356 valde
580 3271 714 3374 pulcher
733 3300 769 3354 et
789 3299 920 3374 propter
940 3291 1003 3352 hoc
1019 3289 1191 3350 Sarraceni

51 3414 116 3460 eum
135 3395 332 3476 infestabant,
354 3395 439 3458 forte
459 3399 564 3480 magis
585 3397 627 3459 ad
647 3395 842 3477 vexandum,
864 3391 962 3476 ‘quam
985 3391 1027 3454 ad
1052 3393 1192 3452 abuten-

52 3499 126 3564 dum.
163 3497 247 3560 Mille
267 3501 381 3563 modos
398 3507 557 3583 quaerunt
574 3501 714 3583 juvenes
733 3497 797 3581 illi,
818 3507 855 3560 nt
874 3497 1063 3580 peregrinos
1085 3495 1191 3558 subti-

54 3607 118 3669 liter
136 3603 171 3668 ad
196 3602 425 3686 impatientium
460 3612 654 3685 provocent3
677 3610 724 3684 ut,
756 3604 785 3664 si
820 3621 862 3664 ex
883 3601 1091 3684 subreptione
1113 3617 1191 3683 per-

58 3710 213 3772 cussionem
234 3705 373 3790 aliquam
396 3708 559 3785 facerent,
582 3725 686 3789 poeria
708 3705 1119 3788 pecuniaria'muletentur.
1140 3707 1190 3768 lbi

59 3815 148 3880 locam
180 3811 271 3874 babet
302 3813 380 3875 illud
411 3813 529 3876 Matth.
562 3813 593 3875 5.
625 3812 726 3874 nolite
759 3813 912 3876 resistere
943 3811 1034 3874 malo.
1079 3811 1190 3892 Siquis

61 3919 201 3984 consillum
246 3915 308 3983 hoc
330 3969 334 3976 .
358 3927 470 3982 tenere
518 3919 716 4003 nequiverit,
768 3935 826 4000 per
871 3926 990 3980 terram
1044 3922 1191 3978 sanctam

65 4042 206 4110 cumpace
226 4043 288 4087 non
308 4026 376 4088 ibit.
421 4024 576 4088 Similiter
596 4018 702 4086 locum
720 4025 765 4084 ibi
778 4023 876 4086 habet
900 4022 978 4086 illud
995 4023 1116 4084 Lucae.
1137 4020 1189 4080 ii:

66 4135 112 4214 qui
144 4132 250 4214 aufert,
276 4149 361 4216 quae
408 4138 465 4194 tua
508 4137 601 4214 sunt,
627 4147 669 4190 ne
708 4137 848 4212 repetas.
892 4129 936 4191 Et
978 4142 1117 4189 necesse
1137 4127 1190 4184 est

70 4237 146 4299 etiam
185 4233 220 4298 ad
261 4236 387 4300 literam
446 4233 525 4299 illud
584 4233 732 4298 Mathaei
781 4234 812 4297 s.
861 4249 1015 4296 servare:
1085 4229 1192 4312 siquis
