2608 4842
547 187 613 254 273

9 368 185 436 >idaim
221 379 371 456 optutum
393 372 640 454 impetrassent,
673 382 707 434 et
727 369 838 434 mettis
865 369 1024 454 inpensis
1048 367 1169 432 babitu

9 479 171 542 orium
205 480 407 560 erexissent,
438 493 514 540 mcx
534 477 638 538 rabidi
663 491 764 542 mnes
794 475 967 542 Ssrrseeni
992 476 1168 538 erstorium

9 591 194 667 mpunt,
219 592 388 670 totumque
416 581 598 645 aediticium
622 581 694 645 solo
715 590 910 668 coaequent,
940 582 1052 666 sicque
1070 579 1169 646 batte

9 689 154 754 iocus
182 688 272 751 sicut
293 707 332 751 eo
355 695 516 771 tempore,
539 706 602 770 quo
623 688 701 751 vidi.

27 957 164 1052 lucc,
197 954 239 1030 in
263 978 333 1056 qno
354 953 396 1034 S.
410 955 589 1033 Matthias
611 957 682 1032 snit
703 959 788 1034 toco
805 955 929 1033 Judae
952 954 1170 1058 inAposte-

239 1076 242 1082 ’
387 1077 461 1154 lum
483 1078 627 1155 clectos
650 1087 764 1156 sorte.
1177 1104 1182 1114 ·

26 1283 132 1348 Non
159 1281 276 1364 iunge
295 1231 415 1348 abillo
428 1283 500 1348 loeo
521 1281 729 1366 procedendo
753 1287 868 1346 ωιιίῐι
888 1279 1060 1344 ecclesium
1071 1277 1165 1362 Syos

12 1391 118 1454 imus
150 1386 208 1450 ad
238 1386 382 1470 lapidem
403 1387 566 1472 quendam
589 1389 742 1464 rubeum,
767 1387 824 1449 ubi
844 1393 897 1458 est
916 1385 1027 1466 locus,
1046 1385 1083 1446 in
1104 1401 1170 1466 quc

9 1494 196 1558 Matthias
226 1491 342 1554 tuitio
364 1493 559 1576 Apostolum
581 1491 722 1576 electus,
742 1499 781 1554 ut
801 1492 940 1554 babetur
959 1490 1103 1552 Actuum
1128 1490 1169 1570 t.,

9 1601 179 1666 >Jonas
213 1597 413 1683 proditoris,
443 1601 497 1664 cui
528 1599 728 1680 subrogatos
748 1597 784 1658 in
815 1597 878 1660 hoc
907 1594 981 1658 loco
1015 1595 1085 1656 tuit.
1128 1593 1168 1655 lo

9 1727 19 1771 ι
42 1708 134 1770 loco¹
154 1703 410 1788 prostravimus
442 1723 504 1768 nos
528 1705 563 1766 in
585 1703 748 1786 oratione,
773 1709 807 1764 et
826 1699 1045 1782 indulgentius
1067 1713 1167 1764 scee-

9 1831 72 1875 nns
98 1811 193 1893 st),
217 1826 298 1872 enm
328 1811 539 1894 praescriptis
561 1810 717 1891 canticis,
738 1814 773 1870 et
794 1807 857 1868 fuit
876 1806 971 1868 nobis
991 1806 1084 1868 totns
1101 1805 1169 1866 iste

9 1920 80 2000 igis
112 1915 273 1978 devotus
303 1921 336 1974 et
362 1913 579 1998 domenicus,
605 1933 645 1978 eo
679 1912 766 1996 quod
796 1929 926 1974 sacrum
951 1927 1071 1992 corpu
1096 1907 1169 1989 ἐμ

9 2019 60 2084 ud
83 2036 155 2087 nos
180 2019 221 2078 in
245 2013 437 2108 Alemmtnia
454 2023 489 2084 in
508 2021 644 2084 civitate
662 2017 854 2084 'l'revirensi
873 2016 1023 2079 babetur.

9 2314 39 2367 yo
64 2289 175 2378 loco,
203 2283 245 2360 in
271 2287 514 2384 qquacobus
536 2290 650 2366 minor
673 2291 742 2366 fuit
766 2287 956 2366 ordinatos
971 2281 1167 2388 episcopos

391 2453 396 2456 -
420 2410 764 2514 ierosolymitanus.

67 2573 158 2640 Inde
180 2572 400 2659 procedentes
421 2579 572 2642 venimus
592 2579 635 2643 ed
664 2601 789 2668 murum
817 2575 1002 2642 coemeterii
1023 2573 1168 2658 t'retrum,

9 2690 19 2744 t
49 2683 84 2744 in
108 2699 205 2744 muro
228 2686 283 2742 est
313 2679 398 2763 lapis
426 2683 520 2748 albus
552 2701 625 2748 cum
655 2687 816 2768 impresse
844 2700 962 2765 cruce,
992 2689 1026 2744 et
1045 2680 1090 2742 ibi
1116 2683 1169 2739 est

9 2804 92 2869 tone,
114 2787 151 2849 in
173 2805 241 2870 quc
264 2785 445 2869 Apostolus
466 2787 613 2852 Jacobus
635 2791 738 2854 minor
767 2791 802 2854 in
824 2789 1011 2874 episcopum
1030 2787 1169 2849 Jeroso-

9 2882 187 2970 ymitanum
222 2891 285 2954 fnit
306 2892 430 2969 electus
452 2904 486 2957 et
507 2893 691 2981 ordinatus,
722 2906 756 2959 et
783 2897 818 2959 in
838 2914 902 2979 quo
929 2896 1033 2976 prima
1061 2893 1168 2955 uina

9 2997 32 3054 b
55 3013 96 3056 eo
121 2995 291 3058 celebrata
312 2997 384 3060 fuit.
426 2999 552 3062 'rentes
573 3002 659 3063 enim
684 3001 870 3066 sanctitatis
891 3008 961 3064 erat
987 2997 1168 3083 Apostolus

9 3097 68 3184 tle,
106 3097 196 3183 quod
245 3100 398 3184 Apostoli
434 3105 498 3167 sibi
539 3104 626 3168 buno
656 3107 814 3170 honorem
846 3100 1059 3170 exbibuerunt
1092 3113 1169 3188 pest

9 3204 223 3266 occasionem
253 3204 401 3300 Domini,
435 3217 472 3270 ut
492 3211 613 3293 primus
633 3211 717 3276 inter
737 3230 794 3276 eos
824 3211 964 3275 uisum
990 3210 1169 3273 celebraret

9 3321 105 3369 >cram
127 3306 318 3395 Apostolis,
347 3319 384 3374 et
413 3331 486 3376 eum
514 3317 699 3398 pontificem
713 3319 763 3380 'in
789 3316 973 3380 Jerusalem
995 3313 1170 3376 ordinave-

9 3417 91 3491 runt,
122 3419 278 3495 tanquam
298 3418 417 3501 populo
439 3419 713 3506 Jerosolymitano
735 3422 841 3504 magis
873 3427 1060 3501 acceptum,
1093 3417 1170 3500 quie

9 3511 91 3575 solos
111 3513 166 3578 illo
186 3527 318 3603 propter
340 3523 488 3587 eximiam
510 3527 715 3590 sanctitatem
733 3527 978 3609 permittebatur
996 3523 1115 3586 intrare
1135 3523 1169 3585 in

9 3625 339 3711 sanctasanctorum,
372 3634 407 3690 et
428 3629 538 3693 nultus
566 3631 651 3692 nlius
683 3627 871 3712 Apostolus.
916 3629 991 3692 Fuit
1021 3631 1106 3692 cuim
1127 3647 1170 3691 ex

10 3725 97 3780 utero
118 3726 226 3788 metris
247 3741 381 3796 sanctus
404 3741 437 3797 et
446 3733 628 3819 Nazareus,
649 3736 763 3798 vinnm
785 3743 818 3796 et
838 3735 977 3798 siceram
995 3734 1168 3816 conbibit,

17 3835 126 3886 carnes
145 3844 304 3914 nunqnam
328 3836 545 3925 manducavit,
565 3842 686 3905 terrum
707 3844 742 3903 in
763 3849 860 3922 caput
880 3841 952 3902 eius
970 3857 1034 3903 non
1050 3858 1169 3903 meen-

19 3920 78 4006 ffita
107 3928 176 3992 elec
207 3953 272 4002 non
299 3951 352 4006 est
386 3953 522 4029 unctus,
553 3945 679 4010 balneis
712 3965 778 4009 non
809 3954 862 4010 est
888 3963 987 4031 usos,
1021 3944 1169 4029 syndone

26 4023 126 4104 (¹⁰0
135 4033 187 4118 Α)
209 4056 335 4129 semper
354 4042 497 4118 indutus.
517 4049 653 4113 'totiens
673 4049 708 4116 in
732 4052 877 4116 oratione
895 4070 1005 4140 genoe
1025 4047 1169 4132 namt,

26 4135 61 4188 tlt
87 4135 183 4202 stilos
216 4146 250 4207 in
278 4154 414 4234 genibus
444 4155 531 4218 sicut
561 4153 724 4218 calcaneis
754 4156 918 4221 rideretur
953 4159 1085 4222 bebere.
1127 4151 1172 4216 Et

9 4245 10 4264 ¹
33 4247 148 4320 Propter
168 4247 291 4315 oinium
313 4255 385 4337 ejus
404 4261 606 4323 strictitatem
637 4265 746 4324 tentae
767 4263 970 4326 reverentiae
990 4263 1026 4322 in
1050 4257 1170 4342 populo

929 4360 964 4417 te
