2596 4788
173 399 248 455 sunt
270 389 316 454 illi
336 395 449 474 petrae
462 386 630 470 impresse,
646 387 703 468 ite,
722 394 757 448 ut
772 401 921 447 mannum
942 389 977 446 et
993 383 1202 464 brselrioruu,
1215 383 1265 468 erpi

174 503 207 560 et
233 495 385 579 pilorum,
417 494 558 577 pectoris
585 501 618 554 et
639 491 906 554 vestimentorum
928 489 1077 572 liguram
1098 487 1220 571 perfecit
1242 468 1267 558 ld

173 609 281 683 potest
307 588 485 684 suspiceri,
517 596 603 682 quod
632 595 740 679 ulique
768 604 838 657 erte
870 592 925 658 vel
953 593 1185 659 instrumentis
1203 559 1270 658 dud

173 705 366 768 lineamento
389 702 486 783 fecto,
508 702 568 765 sed
589 719 648 785 pro
669 699 725 764 illo
747 709 922 780 momento,
944 705 1013 783 qu'o
1026 699 1189 762 Dominus
1200 701 1274 757 urio

172 810 327 892 parietem
356 807 507 888 incurrit,
539 805 674 890 figurem
702 808 824 888 recepit
852 822 952 886 supra
974 813 1088 866 artem
1118 810 1151 864 et
1168 799 1280 861 indutis

173 915 360 994 formatum,
391 931 430 974 sc
451 913 481 974 si
501 921 616 974 ustura
637 911 677 973 eb
700 911 792 972 initio
814 909 950 972 formem
975 907 1075 970 illam
1098 903 1194 988 lepidi
1210 923 1276 986 pun

174 1020 279 1084 iisset.
324 1017 513 1080 instaurem
535 1023 628 1097 petru
648 1013 710 1077 illo
725 1012 806 1076 odeo
833 1013 923 1098 dure,
945 1013 1037 1097 quod
1061 1011 1209 1077 incisioni
1220 1009 1278 1071 vider

174 1125 306 1208 inepte,
339 1130 371 1184 et
400 1120 498 1184 nullis
528 1119 733 1182 ferramentis
761 1116 916 1202 quidquid
944 1119 1073 1202 deponi
1101 1124 1212 1200 potest.
1242 1111 1282 1206 lid

173 1231 260 1294 huuc
286 1228 385 1310 igitur
409 1227 565 1307 parietem
595 1224 938 1314 prostravimusnos,
970 1232 1007 1286 et
1025 1207 1282 1300 ,orationibuslid

173 1333 385 1415 surreximus,
406 1337 438 1393 et
464 1330 585 1412 singuli
613 1347 698 1392 unus
726 1327 922 1410 postellum
945 1332 1157 1394 secessimus
1164 1374 1175 1412 ,
1194 1337 1282 1389 unct

173 1421 378 1522 impressioni
393 1454 528 1518 corporo
542 1443 661 1519 nostra,
683 1443 776 1517 prout
790 1435 962 1518 potuimus,
987 1436 1193 1517 induximus,
1210 1429 1282 1514 lucin

174 1549 306 1626 munus,
338 1541 485 1626 vultum,
514 1549 548 1604 et
570 1549 685 1624 pectus
709 1536 1158 1623 concivitsti'impoueutes,
1186 1537 1282 1616 nosipsi

173 1647 237 1730 ipsi
265 1646 389 1729 figurae
417 1657 725 1710 commensurantes.
768 1649 861 1709 Haec
893 1653 929 1708 ut
950 1647 1094 1735 scripsi,
1122 1645 1216 1709 Deum
1233 1647 1282 1722 tetri

172 1752 223 1814 sic
245 1751 279 1813 in
299 1751 437 1814 veritate
457 1749 525 1813 vidi
546 1752 580 1812 in
606 1770 678 1813 meu
698 1753 801 1832 primo
821 1753 1117 1836 peregrinatione,
1140 1760 1172 1813 et
1184 1749 1282 1827 meiput

173 1859 208 1919 in
229 1857 369 1939 vestigia
397 1855 453 1917 illu
477 1856 653 1938 applicavi,
683 1875 767 1940 quae
789 1864 896 1918 temen
917 1857 1023 1920 virum
1043 1857 1156 1922 multo
1175 1853 1282 1935 longiori

172 1947 398 2051 ostendeberrt,
420 1979 516 2043 quem
535 1980 596 2044 ego
618 1980 700 2024 sum.
742 1962 787 2024 llt
809 1961 850 2023 de
871 1962 935 2024 hoc
956 1963 1035 2025 lacit
1059 1955 1282 2028 mentioucnlo

175 2076 225 2130 ter
242 2065 437 2148 Burcerdus,
460 2054 598 2128 ordinis
609 2063 843 2150 praedicatorii,
864 2067 920 2146 qui
941 2066 1099 2132 antece.
1125 2081 1216 2130 armos
1232 2059 1282 2122 nult

173 2171 371 2252 temporibus
399 2171 433 2232 iu
455 2177 542 2232 terre
568 2178 684 2233 sancte
705 2169 833 2252 deguit,
865 2178 898 2232 et
912 2195 915 2202 ’
929 2172 1033 2253 ipsum
1065 2182 1185 2235 terrem
1203 2178 1282 2230 moon

173 2293 232 2358 per
252 2283 353 2337 totum
375 2275 481 2337 lucide
502 2275 536 2336 et
556 2275 644 2336 clare
665 2273 854 2357 descripsit,
883 2281 915 2336 et
940 2276 1042 2357 hanc,
1073 2277 1117 2340 de
1145 2293 1203 2359 quc
1219 2271 1278 2348 loqu·

173 2381 309 2464 ligurem
328 2389 439 2462 petree
463 2378 561 2463 vidit,
581 2388 614 2441 et
636 2397 707 2442 erm
730 2379 891 2442 describit.
937 2379 1004 2442 Serl
1027 2381 1109 2464 quid
1131 2396 1209 2442 nunc
1225 2374 1282 2436 dien

173 2503 306 2567 prorsus
327 2487 449 2568 ignoro,
477 2493 511 2544 et
531 2486 698 2568 erubesco,
716 2486 812 2546 miror
833 2502 907 2547 cum
933 2491 1078 2568 stupore,
1102 2484 1179 2570 quid
1192 2475 1257 2543 rccid
1274 2514 1278 2530 ·

176 2588 217 2654 do
239 2591 295 2653 ills
312 2599 415 2674 petre,
437 2607 498 2654 nec
518 2591 678 2673 suspicari
698 2607 841 2672 possum.
873 2564 959 2654 Nim
980 2593 1014 2652 in
1035 2592 1103 2654 huc
1124 2605 1216 2652 mess
1273 2577 1282 2586 ’ἵ

33 2760 39 2768 ,
173 2695 436 2778 peregrinatione
465 2695 506 2759 ed
534 2697 640 2784 omnip
668 2695 741 2760 locs
766 2694 914 2778 precisis
942 2693 1029 2759 ducti
1057 2695 1194 2773 fuimus,
1215 2693 1280 2770 stiffi

175 2806 284 2863 eutero
306 2799 397 2867 illum
416 2821 479 2866 nec
498 2801 650 2886 uidimus,
673 2820 735 2864 nec
755 2801 949 2870 mentionem
973 2799 1014 2862 de
1040 2819 1081 2862 ee
1104 2797 1280 2868 rudiviuli‘

173 2904 221 2967 its
238 2903 368 2967 Domini
390 2908 453 2970 mei
474 2907 594 2972 milites
614 2927 688 3008 ⁰.¹¹·¹¹¹
715 2905 789 2970 eliis
806 2907 987 2988 peregrinis
1008 2911 1221 2982 recesserunt,
1242 2905 1282 3000 till

174 3009 254 3073 nihil
277 3009 318 3071 de
339 3009 394 3072 illc
415 3019 507 3094 petre
527 3011 709 3082 audierunt.
750 3012 833 3075 Post
853 3029 961 3076 eornm
985 3029 1169 3096 recessum,
1187 3023 1242 3071 cun
1253 2999 1279 3058 '¹¹

175 3113 315 3195 quietior
339 3112 409 3176 lieri
429 3127 544 3198 posset
563 3118 706 3183 locorum
725 3117 888 3198 visitatio,
919 3133 981 3198 ego
1003 3117 1095 3181 solus
1116 3113 1280 3200 ffiquouet

175 3225 313 3280 montem
343 3216 466 3284 oliveti
492 3223 644 3306 transivi,
676 3221 916 3305 petronillam
944 3218 1190 3304 diligentissime
1213 3219 1237 3278 in
1250 3211 1279 3272 lrt

177 3322 383 3393 Gethsontut
403 3327 564 3408 quaesivi,
583 3344 683 3410 supro
704 3335 738 3394 et
757 3327 852 3410 istite,
870 3325 966 3408 juxte
976 3336 1010 3388 ot
1025 3329 1125 3411 circe
1145 3325 1199 3393 sed
1211 3317 1282 3384 uuirt

176 3431 298 3494 iuveni.
344 3427 491 3508 Quodam
518 3431 570 3496 die
597 3433 739 3497 essnmsi
763 3447 888 3494 mecum
911 3429 1075 3496 dumirmn
1100 3415 1282 3498 Eminet

177 3531 399 3618 Schomlerg,
420 3535 570 3619 militem,
597 3541 704 3602 virum
724 3528 912 3614 strenuum,
927 3544 961 3598 et
981 3536 1024 3600 ed
1043 3521 1282 3621 expertum

162 3653 273 3700 -verse
291 3641 552 3726 paratissimum,
585 3645 662 3725 quio
681 3641 899 3715 libentiaeime
917 3640 1055 3724 ligurum
1073 3643 1162 3708 illurn
1181 3637 1282 3728 victui

177 3740 220 3802 Et
241 3743 333 3805 umbo
353 3761 453 3828 supra
473 3754 508 3809 et
526 3747 622 3812 inire
634 3748 867 3833 quaesivimus,
891 3745 953 3810 sed
973 3746 1052 3811 nihil
1074 3745 1188 3814 delroc
1198 3737 1282 3810 intell

176 3847 347 3926 potuimus.
388 3847 457 3912 Alii
489 3851 585 3914 etiem
610 3853 729 3918 milites
750 3869 810 3935 per
830 3869 885 3913 rue
903 3853 1050 3936 instigati
1070 3853 1278 3938 regnunt

176 3948 304 4016 curum,
318 3949 422 4032 (m
433 3952 490 4036 Δ)
509 3965 649 4046 montem
669 3956 712 4022 ed
733 3953 960 4042 quaerendum,
983 3957 1043 4022 sed
1059 3959 1095 4022 in
1115 3977 1223 4024 venun
1236 3947 1282 4036 Μ

175 4053 296 4118 rubent.
338 4054 426 4120 Duxi
452 4059 550 4124 etiem
579 4079 704 4126 mecum
735 4062 836 4126 frates
859 4061 999 4145 iuvenes
1020 4063 1139 4127 montis
1158 4063 1277 4148 Syonl

175 4173 250 4222 cnm
271 4156 432 4221 desiderio
452 4179 578 4224 mecum
601 4165 834 4249 discurrebant,
855 4167 916 4232 sed
936 4167 1015 4232 nilril
1041 4145 1229 4250 perfecimus
1250 4157 1278 4220 [θ

177 4255 345 4339 dicebaut,
377 4275 415 4320 se
444 4279 617 4342 numquam
646 4265 769 4348 aliquid
789 4269 830 4332 de
850 4270 914 4336 hoc
935 4269 1111 4338 suttune
1151 4273 1216 4338 suu
1231 4263 1275 4332 til
