2914 4850
728 105 770 168 tu

169 293 284 352 saneta
305 291 411 348 terrae
432 284 666 369 promissionis,
681 303 850 349 commune
871 293 923 351 est
943 284 1038 367 quasi
1057 284 1207 348 ominbus
1224 284 1358 349 Christi

169 390 329 456 fidelibus.
357 390 401 451 Et
418 390 574 455 audenter
595 392 678 476 dieo,
693 391 781 476 quod
795 391 850 454 ille
869 409 934 454 non
949 398 1000 453 est
1010 388 1116 454 tidelis
1128 388 1357 470 Christianus,

171 497 226 581 qui
254 496 316 558 hoe
346 493 505 560 desiderio
533 515 599 560 non
628 505 680 560 est
709 495 865 580 effeetus,
894 514 936 560 ex
960 496 1071 560 verbis
1091 494 1126 557 S.
1149 495 1356 579 Hieronymi

169 602 203 664 in
225 599 364 684 quedam
386 601 523 683 epistola
548 602 588 664 de
609 603 678 666 vita
700 610 733 664 et
751 601 1008 682 obituol'aulae,
1039 602 1093 663 ubi
1115 600 1210 663 dieit:
1276 603 1356 683 Ejus

170 708 279 789 gentis
307 706 456 770 homines
491 706 533 769 ιιι
566 715 684 771 saneta
714 707 786 771 loea
812 727 877 770 non
913 707 1058 772 veniunt.
1110 705 1215 786 Quasi
1253 705 1366 782 dieat,

169 809 312 874 Nullius.

254 914 331 977 Non
352 924 460 980 autem
479 917 679 1000 propositum
698 915 929 999 peregrinae}
943 925 996 980 ost
1011 932 1189 979 commune.
1223 913 1352 976 Omnes

171 1029 302 1105 optant,
330 1021 426 1091 sOin
447 1022 632 1088 Jerusalem
659 1022 779 1105 fuisse,
803 1030 845 1090 ,et
865 1021 939 1084 loon
959 1029 1074 1084 saneta
1097 1021 1235 1084 vidisse.
1289 1019 1365 1083 Sedu

171 1127 268 1208 pauci
289 1135 472 1209 proponunt
494 1127 556 1192 hoe
576 1127 664 1190 vesse
686 1127 920 1210 faeere„quia
940 1128 1064 1210 patriae
1086 1126 1304 1190 dulcedinem
1326 1133 1365 1196 et}

171 1232 311 1294 cellulae
350 1231 510 1316 quietern,
546 1240 580 1295 et
611 1229 787 1308 aminarum
819 1232 873 1295 vel
910 1232 1046 1294 fratrum
1083 1231 1200 1318 solatia
1241 1231 1350 1312 magis

172 1335 368 1419 diligunt,a
395 1337 511 1418 quihus
539 1323 684 1419 elonga'ri
706 1337 827 1399 nolunt.
870 1336 1076 1400 Desiderium
1108 1355 1187 1419 ergo
1209 1335 1349 1398 videndi

170 1440 356 1504 Jerusalem
378 1440 458 1502 nihil
480 1441 559 1503 facit
580 1441 621 1502 ad
641 1431 950 1538 peregrinationem,
971 1443 1031 1506 sed
1053 1441 1130 1504 dum
1151 1441 1226 1524 quis
1248 1441 1348 1504 habet

172 1563 247 1609 eum
277 1542 437 1608 desiderio
471 1548 672 1647 propositum
704 1547 848 1630 firmum,
879 1553 917 1612 nr
945 1547 1053 1613 dieere
1082 1548 1204 1630 possit.
1249 1547 1347 1626 Eece,

172 1650 313 1713 Domine
339 1649 440 1734 Jesu,
471 1654 608 1734 patriam
636 1653 769 1736 desero,
798 1653 912 1715 uellam
940 1662 996 1716 aut
1021 1650 1150 1716 domum
1183 1650 1346 1734 relinquo,

175 1757 317 1840 quietem
338 1764 470 1838 propter
497 1766 530 1819 te
558 1776 693 1842 sperno,
723 1758 841 1836 fratres
863 1767 895 1821 et
917 1762 1038 1863 amieos
1069 1766 1249 1841 ppstpouo,
1283 1757 1365 1831 imo

176 1868 209 1923 et
242 1859 401 1947 meipsum
446 1861 590 1944 abnego,
633 1872 666 1926 et
701 1865 840 1928 animam
876 1851 982 1929 meam
1017 1863 1107 1947 odio,
1149 1879 1347 1943 eruoemque

175 1966 445 2056 peregrinationis
464 1966 558 2050 tollo,
580 1977 612 2030 et
633 1968 682 2033 sio
707 1969 840 2052 evagari
859 1970 1020 2053 incipiam.
1358 2028 1363 2037 .

262 2067 426 2152 Quantum
448 2071 489 2133 ιιι
510 2073 688 2137 seeundum
717 2075 892 2163 notandum
921 2081 987 2153 est,
1016 2069 1102 2154 qnod
1129 2069 1249 2132 vitiose
1273 2069 1366 2160 quis

176 2175 312 2274 evagari
332 2169 457 2257 potest,
485 2176 515 2237 si
543 2178 616 2259 ipsa
642 2181 791 2261 evagatio
820 2180 917 2242 etiam
949 2175 991 2237 ad
1018 2176 1102 2241 loce
1117 2181 1248 2254 saneta,
1283 2180 1366 2235 non

173 2280 231 2343 liat
252 2300 296 2349 ex
316 2280 462 2368 ordinato
480 2280 615 2365 affeetu,
639 2282 731 2348 Siout
748 2282 938 2367 eujusdam,
968 2280 1009 2343 de
1030 2299 1108 2363 quo„
1109 2276 1241 2341 dieitur
1264 2270 1366 2381 Esa,

173 2383 225 2447 57.
247 2406 282 2449 v.
308 2351 362 2450 17ι
405 2386 494 2450 Abiit
516 2406 622 2471 vagus
644 2389 677 2452 in
699 2391 754 2453 via
785 2389 892 2453 cordis
919 2387 980 2450 sui.
1024 2382 1227 2465 Quicumque
1259 2384 1345 2444 enim

173 2483 375 2576 peregrinari
391 2494 472 2574 vult,
486 2503 523 2556 ut
543 2513 586 2556 ex
603 2493 688 2556 hoe
680 2511 714 2554 ιιι
729 2491 803 2566 hoo,
825 2500 858 2554 et
879 2511 921 2554 ex
938 2492 1026 2555 hoe
1016 2511 1051 2554 ιιι
1072 2487 1159 2551 aliud
1175 2496 1343 2569 evagetur,

175 2597 320 2660 ordinem
341 2617 407 2660 nou
420 2599 528 2679 habet,
549 2607 582 2658 et
605 2598 725 2659 virtute
746 2607 844 2659 earet.
867 2597 1027 2679 Evagatio
1051 2597 1136 2656 enim
1156 2593 1344 2674 simpliciter

175 2711 272 2764 sonat
292 2703 406 2764 vitium
413 2739 429 2784 ,-
452 2710 485 2764 et
505 2702 595 2784 ideo,
618 2702 672 2784 qui
701 2687 925 2783 peregiinatnr
944 2711 981 2764 ut
1002 2709 1178 2798 evagetpr,
1204 2699 1343 2762 vitiosus

176 2813 247 2889 est3
269 2824 334 2868 non
357 2813 464 2870 autem
486 2808 541 2890 qui
559 2813 729 2890 evagatur,
750 2815 787 2868 ut
805 2808 1038 2890 peregrinetur.
1067 2807 1183 2877 Plures
1204 2822 1344 2886 namque

179 2911 398 2992 reperiuntur,
437 2912 533 2974 etiam
560 2913 594 2974 in
621 2913 730 2995 quiete
761 2912 920 2995 regularis
952 2913 1041 2975 vitae
1076 2911 1251 2994 degentes,
1289 2910 1342 2990 qui

176 3016 283 3078 minus
306 3013 527 3078 desiderarent
546 3009 849 3100 pelegriuationem,
871 3019 900 3081 si
922 3038 987 3080 non
1007 3017 1163 3080 haberent
1184 3033 1342 3080 annexam

176 3121 412 3202 evagationem.
438 3122 531 3186 .Non
553 3125 603 3186 sie
627 3123 694 3204 agit
713 3123 879 3186 virtuosus
894 3124 1101 3208 peregrinus,
1124 3120 1184 3184 sed
1202 3120 1341 3182 laborem

175 3225 403 3308 peregrinandi
437 3228 541 3310 subit,
577 3236 612 3290 ut
638 3228 771 3316 incipiat
805 3230 938 3311 evagari
973 3249 1037 3291 nnn
1072 3227 1274 3310 simpliciter,
1307 3234 1341 3286 ut

176 3331 390 3412 vagabundus
418 3333 452 3396 in
483 3333 657 3416 incertum,
695 3332 753 3396 sed
795 3335 930 3416 evagari
965 3333 1080 3414 incipit
1114 3341 1187 3418 post
1222 3348 1339 3414 greges

175 3434 336 3505 sodalium
363 3438 453 3520 ejus,
487 3447 619 3521 propter
655 3437 742 3521 quod
769 3439 811 3500 ιιι
844 3438 1115 3522 peregrinandum
1148 3429 1252 3527 motus
1279 3443 1337 3498 est.

176 3538 271 3604 uarix
292 3549 381 3603 uerte
409 3543 568 3625 ejusmodi
597 3544 759 3627 peregrini
788 3545 949 3627 evagatio.
993 3542 1083 3606 'Palis
1105 3544 1190 3606 enirn
1213 3539 1338 3622 diguam

175 3644 639 3730 percipit·peregrinationem
671 3669 842 3733 puerorum
875 3649 954 3734 Dei,
985 3665 1078 3734 ,guae
1110 3648 1168 3711 tibi
1201 3645 1337 3708 omnium

175 3749 303 3814 charior
324 3761 374 3816 est
395 3752 468 3836 (Β)
491 3763 591 3832 terra,
624 3753 712 3838 Sapi.
738 3755 795 3836 12,
823 3771 854 3818 v.
877 3754 908 3818 7.
955 3755 1086 3818 Scimus
1110 3751 1197 3837 quod
1221 3749 1336 3814 sodalis

176 3852 291 3918 dieitur
327 3859 438 3922 socius
475 3861 643 3922 sessionis.
694 3859 834 3936 Sodales
871 3879 949 3944 orgo
985 3858 1108 3924 Christi
1145 3866 1222 3921 sunt
1255 3857 1335 3920 socii

174 3961 332 4038 sessionis
368 3963 449 4046 ejus.
501 3963 596 4042 Quod
624 3966 743 4048 optime
774 3966 926 4029 convenit
963 3963 1140 4046 apostolis,
1179 3962 1232 4046 qui
1263 3979 1334 4026 eum

175 4063 305 4130 Christo
323 4085 444 4150 sponso
465 4069 681 4134 consederunt
705 4069 738 4132 in
760 4068 914 4132 cathedra
932 4062 1127 4150 ¹doetrinae,
1155 4067 1267 4130 Matth.
1289 4066 1330 4130 V.

174 4189 204 4232 v.
228 4173 257 4236 l.
294 4173 337 4236 nt
358 4190 432 4240 eum
466 4175 628 4258 sedisset,
661 4183 872 4248 neeesserunt
899 4174 1040 4240 adeum
1073 4173 1222 4257 discipuli
1251 4171 1327 4253 ejus.
