2768 4780
656 121 722 188 289

95 301 165 384 diu,
186 308 222 362 ut
243 296 433 370 viderentur
455 301 623 366 exanimes
650 303 736 366 laeti.
780 301 888 386 Super
908 318 1021 365 omnes
1055 309 1163 367 autem
1200 323 1273 370 nru-

93 407 195 470 lieres
216 405 408 487 peregrinae
429 405 539 468 soeiae
560 414 693 473 nostrae
719 415 753 470 et
778 425 908 471 sorores
935 406 1029 490 quasi
1055 411 1272 489 parturientes

94 511 290 592 clamabant,
313 508 492 573 ullulabant
512 520 546 573 et
566 512 697 577 flebant.
741 511 853 597 Aliqui
887 530 966 575 uero
1000 513 1165 594 peregrini
1193 529 1272 594 prae

92 618 197 680 nimia
218 615 392 678 devotione
413 617 600 678 nescientes
630 634 669 680 se
701 635 831 702 regere,
865 618 1063 681 inmorierati
1095 626 1205 702 erant,
1234 629 1271 682 et

92 720 295 804 praenimia
316 719 494 803 diligentie,
519 721 657 803 qualiter
674 739 712 784 se
732 721 804 784 Deo
825 730 959 804 possent
982 721 1135 785 exhibere
1156 724 1270 807 pleea·

94 825 190 909 biles,
212 823 404 907 quibusdam
432 825 580 907 gestibus
610 824 752 893 insolitis
781 835 814 890 et
840 827 1016 909 puerilibus
1045 829 1268 898 movebantur.

92 928 296 996 Deleetabile
317 929 415 1014 ¹valde
431 931 494 992 luit
511 929 625 994 videre
645 931 880 995 seriosissimus
902 933 1056 996 etvarios
1076 936 1269 1016 peregrino-

95 1055 172 1119 rum
191 1051 297 1100 mores
316 1035 352 1098 in
372 1034 548 1100 devotione
567 1037 601 1097 in
623 1035 704 1114 loeis
726 1038 861 1119 sanetis,
884 1054 969 1121 quae
989 1037 1062 1099 loea
1092 1039 1269 1102 mirabilem

93 1140 275 1205 efficatiam
293 1140 413 1204 babent
434 1139 485 1204 ad.
497 1140 690 1207 movendum
711 1141 872 1206 bominem
892 1141 935 1204 ad
956 1142 1086 1226 fletum,
1108 1144 1264 1226 gemitum

92 1255 129 1309 et
149 1247 300 1328 suspiria,
313 1247 368 1330 qui
390 1246 472 1310 alias
488 1246 585 1308 nullis
596 1247 809 1326 sermonibus,
824 1263 886 1308 neo
903 1244 1186 1332 admonitionibus,
1206 1267 1267 1312 neo

92 1352 275 1434 seripturis,
297 1368 359 1412 nee
379 1352 527 1434 pietnris,
549 1369 610 1413 nee
631 1351 829 1434 figuris,ueo
849 1350 1018 1433 exemplis,
1040 1370 1103 1416 neo
1123 1355 1266 1436 promis-

92 1457 155 1533 sis,
176 1471 239 1517 neo
260 1455 365 1536 minis,
378 1473 448 1518 nee
459 1458 684 1540 prosperitate,
706 1455 977 1520 neeadversitate
998 1459 1122 1520 moveri
1144 1467 1263 1541 potest.

92 1560 161 1626 Sed
182 1565 292 1627 tannen
314 1578 375 1622 nee
389 1561 451 1624 boo
475 1562 670 1643 generaliter
691 1563 837 1636 omnibus
858 1560 951 1625 datur
972 1561 1181 1626 visitantibus
1193 1562 1265 1628 looa

91 1673 218 1748 saneta,
239 1664 300 1727 sed
320 1670 358 1726 at
377 1664 502 1728 seilicet
524 1667 681 1750 singulari
709 1667 884 1730 devotione
904 1673 938 1727 et
970 1667 1094 1748 pietate
1115 1666 1266 1730 allician-

92 1780 155 1839 tur.
195 1768 274 1834 Vidi
295 1769 380 1832 enim
401 1769 568 1854 quosdam,
590 1773 713 1835 utinum
744 1790 810 1834 non
845 1771 1002 1834 vidissem
1014 1815 1025 1852 ,
1055 1771 1110 1854 qui
1143 1770 1266 1834 directe

91 1875 262 1946 contrariis
283 1875 447 1958 perversis
468 1873 635 1940 affeotibus
647 1879 869 1957 movebantur,
881 1875 1032 1939 commoti
1053 1884 1183 1957 propter
1192 1879 1265 1959 pios

91 1981 229 2046 effeetus
241 1981 396 2054 bortomrn
408 1979 611 2044 devotorum..
629 1981 706 2046 Vidi
720 1999 859 2063 namque
875 1981 908 2042 in
931 1980 1078 2043 omnibus
1088 1982 1264 2061 praetaotis

92 2074 318 2151 devotionibus
339 2087 590 2168 peregrinorum,
612 2084 697 2168 quod
720 2084 849 2168 quidam
859 2083 970 2147 stolidi
993 2092 1026 2146 et
1038 2084 1119 2147 aridi
1141 2103 1263 2170 pereg-

90 2193 238 2274 rini,imo
257 2190 414 2252 bestiales
436 2191 602 2273 animales,
613 2192 761 2274 spiritum
771 2189 835 2254 Dei
856 2208 921 2251 non
939 2189 1109 2273 habentes,
1130 2193 1264 2254 stabant

90 2306 125 2364 et
140 2305 345 2361 caeterorum
365 2294 566 2379 devotiones,
587 2296 695 2378 fletus,
714 2295 957 2378 prostrationes,
976 2303 1143 2376 pentorunr
1156 2313 1262 2378 pune-

89 2404 200 2466 tioues
220 2408 255 2466 et
276 2405 407 2463 caetera
427 2400 507 2464 talia
527 2400 772 2465 subsannabant
792 2408 825 2462 et
856 2397 1053 2462 deridebant.
1103 2401 1148 2462 Et
1175 2399 1262 2484 quod

90 2505 423 2588 dammnabiliusest,
444 2506 500 2567 isti
516 2505 613 2569 rudes
638 2511 672 2567 et
690 2506 783 2568 eoeei
803 2505 889 2567 omni
910 2503 1084 2566 devotione
1103 2512 1136 2565 et
1156 2503 1262 2570 affee-

89 2615 179 2677 tione
199 2613 314 2696 vaani,
335 2611 501 2694 spurcitiis
523 2610 636 2693 repleti
661 2611 746 2674 tales
767 2595 903 2673 devotos
928 2606 1119 2690 judicabant
1142 2608 1260 2693 fatuos,

87 2719 287 2801 hypocritas,
308 2723 534 2798 ostentatores,
554 2715 652 2779 botos
672 2723 705 2779 et
719 2733 783 2778 uon
805 2732 904 2778 sanae
926 2715 1045 2776 mentis
1067 2731 1159 2796 esse,
1181 2719 1260 2778 eos·

1 2857 3 2876 ι
90 2843 156 2908 que
187 2831 308 2906 postea·
323 2822 492 2906 despectui
519 2823 698 2904 habebant,
745 2828 778 2883 et
816 2839 888 2883 oum
923 2821 970 2884 eis
1004 2817 1261 2900 dedignabantur

89 2929 289 3011 conversari,
306 2927 516 2994 detrahentes
537 2928 603 3009 eis,
636 2927 754 3008 fatuos,
769 2926 977 3008 -bypooritas
1007 2933 1039 2986 et
1067 2922 1259 3005 Begberdos

88 3034 301 3098 nominantes.
343 3033 372 3095 0
394 3051 490 3117 quarn
511 3031 633 3097 inutilis
655 3037 689 3092 et
710 3029 881 3093 maledieta
901 3030 1010 3094 talium
1031 3029 1258 3114 peregrinatio,

88 3140 145 3223 qai
166 3140 200 3202 in
220 3147 285 3202 tana
305 3146 419 3202 saneto
442 3136 514 3200 loeo
535 3144 668 3200 sanetas
689 3153 796 3198 mores
818 3134 964 3198 derident
1004 3142 1037 3196 et
1058 3143 1256 3216 pervertunt.

87 3242 224 3324 Pejores
244 3243 328 3312 tales
350 3252 427 3323 sunt
447 3242 638 3307 sarracenis
660 3248 692 3301 et
708 3240 857 3323 ludaeis,
879 3241 934 3323 qui
954 3240 1076 3303 nullum
1094 3237 1258 3302 Christia-

88 3363 166 3412 num
189 3347 307 3412 devote
326 3367 363 3410 se
384 3358 551 3432 gerentem
573 3344 728 3411 derident.
771 3345 857 3406 Nam
890 3343 1018 3427 quando
1049 3343 1199 3406 venimus
1224 3342 1258 3404 in

1 3471 2 3474 ¹
88 3455 207 3519 atrium
228 3451 291 3518 hoe
311 3461 472 3538 sanetum,
494 3453 585 3517 multi
603 3450 743 3533 juvenes
765 3447 1016 3521 Sarracenomm
1040 3453 1257 3530 accurrerunt,

87 3567 123 3622 ut
143 3558 336 3642 deriderent,
357 3558 417 3622 sed
439 3567 563 3622 tantum
584 3556 704 3620 serium
724 3555 965 3638 peregrinorum
975 3553 1126 3617 videntes
1147 3567 1259 3618 reoes-

86 3673 209 3746 serunt,
242 3673 446 3730 remanentes
473 3673 583 3730 autem
610 3679 677 3725 una
708 3661 875 3724 nobiseum
905 3661 1074 3722 fleverunt.
1130 3660 1170 3720 ln
1196 3657 1259 3722 hoe

86 3771 172 3832 atrio
193 3767 413 3852 indulgentias
432 3769 596 3852 plenariae
612 3767 814 3831 remissionis
835 3765 1020 3849 accepimus
1038 3762 1132 3847 (ἢ).
1159 3762 1259 3826 Porro

86 3873 287 3941 orationibus
307 3873 409 3941 linitis
430 3877 631 3938 surreximus
652 3873 694 3937 de
721 3878 819 3956 terra,
841 3877 875 3934 et
897 3870 937 3934 ud
958 3871 1077 3934 ostium
1100 3867 1260 3932 ecelesiae

85 3981 308 4063 aeueasimus,
328 3979 439 4064 ibique
456 3999 516 4064 per
535 3980 713 4061 foramina,
744 3997 804 4062 per
835 3995 920 4063 quae
946 3976 1038 4040 oibus
1060 3975 1260 4037 ministratur

85 4085 193 4150 meti
227 4083 392 4168 sepalobri
412 4085 623 4155 ·enstodibus
662 4085 751 4148 intus
778 4083 954 4164 eenelusis,
977 4080 1199 4163 respeximus,
1227 4083 1260 4138 et

84 4189 446 4259 motmsinridomlniol
456 4187 942 4278 sapulobrioapellaminmedio
954 4185 1112 4252 ecelesiae
1122 4188 1260 4247 stantem
