2914 4850
183 225 327 303 sublata
343 221 492 326 pristina
503 225 625 301 indole
646 228 735 304 ordo
751 230 918 308 foliorum
934 242 974 310 et
986 237 1198 336 paginarum
1212 243 1373 320 codicis

183 344 408 447 interpositis
429 346 586 420 numeris
610 357 718 446 atque
743 349 877 426 litteris
906 357 964 450 (ut
987 357 1036 429 12
1060 357 1109 451 A,
1133 360 1246 436 4413
1273 370 1373 462 etc.)

186 467 420 568 exprimatur,
448 473 487 540 et
505 465 564 564 qui
587 469 698 544 tertio
720 471 891 547 volumini
916 473 1095 550 addentur
1119 478 1289 577 indices,
1324 486 1369 560 ad

182 587 277 663 hunc
299 608 524 663 numerorum
549 595 587 662 et
600 587 802 666 litterarum
825 593 998 685 ordinem,
1025 619 1096 670 non
1126 599 1174 674 ad
1199 615 1366 682 nostrae

182 707 354 826 editionis
374 706 679 820 paginasreferri
701 707 868 786 debeant.
917 711 998 790 Sed
1012 715 1049 790 in
1072 717 1225 818 reliquis
1244 725 1362 800 etiam

181 829 324 906 minime
349 825 538 930 archetypi
560 827 718 906 colorem
737 832 991 911 immutandum
1017 859 1102 913 esse
1128 840 1360 934 existimavi,

181 961 223 1027 ut
246 969 369 1027 veram
394 946 622 1048 fideliterque
639 972 853 1052 expressam
878 954 1034 1031 haberes
1046 956 1129 1034 libri
1143 960 1358 1060 imaginem.

180 1069 315 1149 Latino
347 1068 489 1172 quidem
514 1090 683 1148 sermone
712 1073 860 1178 scripsit
884 1084 1034 1170 auctor,
1065 1079 1134 1154 sed
1159 1081 1244 1157 lere
1270 1082 1358 1176 isto,

182 1193 242 1293 qui
264 1191 431 1295 epistolis
451 1191 683 1270 obscurorum
706 1193 870 1272 virorum
885 1191 1044 1272 ludibrio
1063 1199 1143 1300 luit,
1168 1223 1243 1276 nee
1272 1207 1355 1278 usui

181 1313 440 1390 vocabulorum
467 1333 537 1386 neo
572 1310 719 1410 linguae
753 1313 898 1412 legibus
933 1327 1130 1422 rectaeque
1163 1319 1357 1398 scribendi

180 1434 312 1513 rationi
350 1432 442 1508 satis
487 1451 658 1530 congruo.
714 1431 834 1508 Nihil·
862 1459 934 1535 ego
973 1439 1117 1514 meavi.
1183 1439 1356 1518 litteras

181 1553 403 1656 majusculas
429 1561 467 1627 et
483 1552 702 1628 minusculas
719 1553 754 1630 in
769 1555 970 1636 scribendis
980 1559 1179 1635 nominibus
1189 1565 1354 1664 propriis

181 1673 395 1780 praesertim
419 1673 471 1750 ita
489 1673 708 1776 permiscuit,
727 1685 767 1751 ut
780 1699 850 1751 nec
866 1677 902 1752 in
918 1701 1042 1756 errore
1065 1681 1145 1782 ipse
1166 1682 1237 1757 sibi
1260 1707 1353 1759 con-

181 1804 299 1874 staret
305 1818 316 1889 3
333 1796 509 1872 sermonis
522 1795 726 1886 discrimina
739 1796 882 1872 minime
898 1801 1054 1874 curavit:
1073 1802 1272 1903 expressit,
1292 1805 1351 1878 ubi

182 1918 347 1995 omittere
373 1915 540 2010 debebat,
568 1917 697 2010 omisit,
719 1917 777 1993 ubi
800 1917 1036 2023 exprimenda
1064 1910 1198 1997 erant‘
1217 1921 1351 1998 Omnia

181 2038 324 2132 retinui,
339 2039 410 2114 nisi
428 2063 520 2138 quae
540 2039 591 2114 ita
608 2045 815 2139 comparata
835 2048 948 2132 erant,
965 2049 1004 2114 ut
1024 2039 1143 2117 lector
1157 2039 1349 2138 videretur

181 2183 253 2236 non
272 2181 384 2262 posse
406 2159 444 2234 in
468 2182 626 2236 errorem
650 2181 722 2232 non
744 2154 876 2233 induci.
912 2159 982 2241 llis
996 2159 1117 2236 levem
1135 2150 1348 2238 medicinam

181 2277 346 2370 admoui,
371 2289 522 2374 caetera
543 2279 680 2355 intacta
706 2277 859 2378 reliqui3
885 2303 997 2379 quare
1020 2276 1060 2354 id
1083 2302 1147 2356 oro
1171 2303 1347 2382 rogoque,

181 2410 222 2478 ut
245 2426 303 2496 ne,
329 2423 423 2504 quae
443 2401 559 2504 ipsius
582 2401 664 2476 libri
686 2399 830 2476 indoles
850 2400 973 2494 luerit,
995 2399 1077 2475 sive
1102 2423 1205 2475 meae
1227 2403 1347 2503 negli-

180 2525 328 2624 gentiae
354 2525 434 2598 sive
455 2521 674 2626 typographi
691 2521 805 2596 errori
824 2519 971 2596 tribuas.
1023 2519 1126 2610 Quae
1141 2517 1346 2598 difficiliora

181 2651 285 2722 erant
303 2644 415 2734 lectu,
438 2642 518 2717 sive
542 2665 634 2740 quae
652 2661 807 2742 'perraro
824 2636 966 2738 quidem
986 2637 1155 2714 addenda
1171 2632 1344 2717 videban-

181 2771 256 2854 tur,
288 2761 427 2837 uncinis
463 2759 587 2836 variae
612 2761 751 2836 formae
780 2759 921 2834 inclusa
947 2757 1073 2834 addito
1095 2780 1343 2859 nonnunquam

181 2879 475 2994 inteirogptionis
495 2880 600 2980 signo
621 2878 840 2982 explicanda
854 2879 988 2980 putavi.
1021 2877 1101 2956 Sed
1113 2877 1343 2957 haechaete-

182 3027 260 3084 nns.
311 3002 373 3078 'l'u
402 3024 512 3096 vero,
538 2999 717 3077 benevole
743 2998 975 3092 lantoniae,
1002 3007 1043 3072 ut
1064 2998 1208 3081 Fratris
1228 3002 1340 3074 nostri

181 3123 323 3202 Felicis
337 3119 449 3200 ll'abri
471 3129 510 3198 et
534 3143 650 3196 meum
671 3121 742 3197 hoe
768 3145 859 3229 opus
881 3117 987 3210 felix,
1007 3119 1164 3196 faustum
1182 3119 1339 3194 fortuna-

182 3255 326 3346 tumque
346 3242 407 3337 sit,
432 3265 479 3319 ne
504 3264 610 3344 quem
632 3240 669 3315 in
692 3239 835 3316 edenda
848 3241 917 3314 hae
939 3239 1079 3314 itineris
1100 3238 1337 3341 descriptione

182 3365 341 3470 pessimo
362 3363 506 3468 quidem
524 3361 664 3439 calamo
686 3357 1106 3460 scriptamollocaver’im,
1122 3357 1265 3434 taedeat
1282 3383 1337 3435 me

182 3483 344 3564 herculei
369 3485 514 3562 laboris.

266 3665 382 3732 Ulmae
402 3665 496 3732 tortio
518 3675 593 3730 ante
618 3661 782 3730 calendas
801 3663 948 3732 Martias.
