2716 4798
712 162 776 232 m

156 353 355 424 retiarium
380 344 524 431 mut,
545 346 640 431 quasi
668 362 876 429 compassu-
900 351 933 408 et
949 341 1046 425 juxta
1078 341 1177 407 illam
1212 359 1339 428 semper

157 461 307 529 uectibus
327 455 420 524 ardet
442 455 584 539 bicorne,
601 463 635 519 et
663 455 698 517 in
727 454 938 539 nouigstione
972 469 1140 535 nunquam
1183 461 1336 514 evertunt

157 565 286 630 oculum
307 564 348 627 ab
371 579 427 644 ea,
453 561 515 626 sed
543 579 674 645 semper
704 579 791 625 nnus
816 558 945 622 stellam
976 559 1128 643 inspicit,
1156 568 1200 622 et
1235 567 1337 622 eamn

157 669 297 756 quadam
319 667 404 732 dulci
422 667 574 751 melodia,
595 668 747 733 intimans
768 667 1016 749 prosperitatem
1037 664 1116 727 viae
1127 710 1138 748 ,
1161 673 1203 728 et
1228 663 1335 727 eaden

158 783 257 840 centu
277 776 469 858 pronunciat
489 774 547 857 illi,
572 774 629 857 qui
651 772 862 854 gubernaculi
882 770 1012 837 davum
1031 772 1133 854 regit,
1159 769 1213 832 ad
1246 789 1335 853 quera

158 891 284 966 partem
304 881 412 963 ipsum
431 876 689 962 gubernaculum
708 878 754 940 sit
774 874 983 941 tralreurlurn:
1005 893 1067 938 neo
1087 871 1146 939 ille
1166 877 1334 960 guberna·

158 997 209 1052 tor
228 985 328 1050 audet
348 984 466 1070 quovis
487 982 584 1050 morlo
603 1002 736 1048 movere
757 993 918 1048 temonem
939 983 1002 1044 uisi
1019 982 1116 1064 jussu
1137 980 1334 1064 inspectoris

159 1094 258 1158 meris
279 1090 408 1173 stellae,
428 1089 463 1151 in
483 1107 548 1173 que
567 1091 682 1173 ceruit,
701 1092 729 1154 si
752 1088 884 1172 directe,
906 1089 936 1152 si
957 1107 1075 1171 curve,
1101 1089 1134 1151 si
1155 1086 1332 1150 lateraliter

161 1199 260 1261 navis
281 1194 525 1279 progrediatur:
549 1193 591 1258 de
610 1195 662 1258 his
683 1192 762 1258 vide
783 1193 838 1256 iol.
858 1193 912 1256 02.
954 1193 1085 1255 Habent
1115 1202 1151 1255 et
1188 1192 1258 1254 alia
1288 1193 1332 1251 in-

159 1300 491 1383 strumenta,r1uibus
512 1298 674 1364 decursu
699 1299 844 1364 siderum
872 1297 968 1362 etde
998 1299 1128 1362 datibus
1162 1306 1329 1362 ventorum

161 1417 193 1472 et
213 1407 256 1473 do
275 1405 447 1470 maritimis
467 1404 594 1468 serpitis
611 1404 767 1487 ⁸iudicant.
812 1402 966 1468 Chartem
987 1405 1071 1467 enim
1083 1404 1234 1487 babent,
1256 1421 1329 1486 quae

160 1512 257 1575 babet
278 1509 376 1572 ulnae
396 1508 597 1574 retitudinem
616 1509 916 1593 etlangitudinem,
938 1511 972 1572 in
993 1527 1058 1593 qua
1079 1511 1179 1573 maris
1204 1507 1327 1572 latitudo

162 1615 250 1680 mille
269 1613 359 1677 mille
377 1612 473 1679 lineis
493 1622 546 1680 cst
566 1615 713 1700 depicta,
741 1625 774 1679 et
786 1616 952 1698 regiones
972 1617 1100 1697 punctis
1122 1613 1327 1698 designamur

163 1729 196 1784 et
215 1719 354 1784 miliaria
375 1719 475 1784 cifris
517 1720 555 1782 ln
587 1720 645 1784 ille
671 1722 786 1785 charta
821 1719 1041 1804 perpendunt,
1068 1729 1112 1782 st
1134 1719 1255 1783 vident
1283 1719 1327 1779 ubi

163 1833 260 1910 sunt,
282 1827 380 1891 etiam
405 1824 481 1891 dum
507 1825 631 1891 nullum
656 1835 773 1890 terrem
799 1826 988 1909 conspicere
1013 1833 1169 1910 possunt,
1202 1833 1237 1887 et
1263 1823 1326 1886 dun

164 1949 227 2000 nec
248 1930 358 2000 sidera¹
376 1940 533 2014 apparent
564 1939 695 2016 propter
726 1931 872 1995 nebulas.
901 1969 903 1976 ·
932 1929 1007 1993 lloc
1039 1939 1149 1993 autem
1165 1931 1325 1994 inveniunt

164 2040 198 2102 iu
217 2039 330 2104 etune
351 2034 499 2100 ducende
521 2036 675 2102 circulum
696 2037 738 2101 de
758 2037 844 2100 linea
864 2034 907 2099 ad
926 2037 1047 2100 lineam
1069 2035 1110 2098 de
1132 2035 1267 2118 punctis
1292 2031 1325 2095 sd

164 2150 320 2225 punctum
339 2140 476 2205 mirabili
503 2140 681 2224 industria3
701 2141 802 2206 rrrnltu
838 2141 902 2205 ulie
921 2144 1135 2207 instrumenta
1152 2141 1325 2222 babentia

167 2247 285 2330 qubus
307 2245 406 2312 node
425 2246 543 2312 itinera
569 2245 792 2331 considerant,
818 2255 851 2312 ct
877 2246 1009 2313 cottidie
1037 2247 1134 2310 simul
1157 2246 1274 2310 sedent
1294 2244 1325 2306 de

165 2351 219 2421 lts‘s
243 2350 458 2418 conferentes.
508 2352 593 2434 ¹Post
617 2353 678 2416 bos
704 2370 876 2437 supremus
903 2354 938 2415 in
971 2353 1124 2436 regimine
1151 2353 1262 2435 navis,
1281 2351 1325 2435 qni

167 2475 297 2522 manum
324 2459 478 2541 apponit,
511 2467 544 2522 et
574 2466 748 2542 praecepte
777 2458 1015 2542 speculantium
1054 2458 1158 2542 prime
1184 2455 1323 2538 suscipit,

169 2562 432 2645 dicitnrcomota,
451 2572 486 2627 et
505 2562 592 2627 idem
613 2572 665 2631 cst
686 2562 771 2644 qued
793 2580 905 2627 comes
923 2563 1047 2648 galeae,
1058 2573 1091 2626 et
1111 2562 1211 2627 habet
1233 2562 1324 2622 locun

81 2672 82 2675 ’
168 2685 263 2731 suum
284 2666 370 2729 inira
396 2666 565 2730 castellum
589 2667 623 2729 in
645 2666 750 2731 medio
774 2677 985 2733 transtrorum
1005 2672 1040 2733 in
1061 2665 1200 2732 sublimi.
1251 2664 1325 2726 llru’c

169 2779 325 2855 patrenus
353 2769 565 2834 intentionem
606 2788 699 2836 suam
740 2774 900 2858 insinuat,
939 2784 973 2837 et
1002 2775 1075 2857 ipse
1099 2779 1326 2854 consequenter

170 2883 270 2938 totam
298 2871 570 2939 coordinationem
597 2886 715 2940 movet
766 2878 884 2943 Habet·
901 2883 1006 2942 enim.
1024 2877 1165 2961 pendere
1196 2878 1233 2938 in
1254 2873 1326 2938 oolle

170 2985 357 3061 argenteam
377 2978 530 3063 fistulam,
551 2997 625 3048 cum
645 3000 711 3068 que
726 2982 788 3046 dat
806 2983 947 3067 sigrium,
970 2982 1104 3067 adquos
1124 2977 1254 3044 labores
1273 2997 1327 3042 ns-

170 3083 264 3148 vales
285 3083 477 3148 currendum
497 3088 559 3169 sit3
582 3095 616 3150 et
635 3088 928 3173 quacumqsebora
949 3087 1012 3156 diei
1034 3095 1088 3151 ent
1108 3087 1214 3150 noctis
1230 3083 1328 3149 fistrdr

170 3189 227 3254 illa
240 3187 383 3284 ¹auditur,
404 3201 538 3274 repente
561 3211 676 3257 omnes
706 3201 877 3256 aecurrunt
905 3211 979 3258 cum
1008 3193 1148 3260 elamore
1168 3191 1328 3256 5dstulanti

172 3295 430 3382 respondentes..
446 3298 511 3360 Hie
526 3296 619 3380 jubet
638 3315 661 3360 a
677 3298 833 3380 portubus
853 3297 1006 3363 recedere
1026 3306 1060 3360 et
1078 3295 1254 3380 accedere,
1273 3315 1328 3358 au·

172 3405 290 3468 choras
310 3401 433 3486 ejicere
454 3412 487 3467 et
519 3402 698 3498 retrabere,
719 3403 796 3466 vela
825 3403 951 3486 erigere
969 3411 1002 3465 et
1024 3403 1208 3483 remittere3
1236 3401 1328 3464 remis

171 3508 299 3573 trabere
327 3516 360 3570 et
381 3509 569 3592 quiescer03
595 3505 736 3573 bolidem
762 3500 974 3592 immergere3
994 3506 1142 3570 tonsillas
1171 3505 1270 3588 figere
1301 3517 1328 3568 et

171 3607 346 3679 dimittere.
399 3613 500 3678 Hune
538 3630 655 3678 omnes
680 3612 867 3675 inferiores
894 3611 1009 3676 timent
1036 3613 1122 3676 sieut
1153 3608 1328 3694 diabolnm3

171 3718 248 3797 quta
266 3715 339 3798 ipse
362 3718 501 3798 percutit
520 3717 656 3800 baculis,
666 3717 807 3801 castigat
817 3716 935 3800 pugnis
953 3725 987 3780 et
1000 3715 1130 3780 frmibus
1155 3732 1234 3798 quos
1251 3717 1327 3783 vult.

172 3834 234 3883 nee
271 3827 323 3884 est
358 3821 415 3903 qui
442 3839 641 3887 murmurare
662 3820 795 3905 audeat,
829 3821 906 3904 quia
936 3829 1050 3884 contra
1083 3827 1328 3884 murmurantem

170 3941 283 3986 omnes
304 3922 475 4006 insurgunt
494 3922 569 3988 dcto
599 3924 642 3989 ed
668 3925 731 3990 boo
759 3927 864 4010 signo.
911 3923 989 3990 Vidi
1021 3924 1063 3988 de
1090 3925 1163 3988 istis
1197 3927 1327 3988 cometis

169 4026 363 4090 inhumanos
383 4027 608 4112 crudelitates,
630 4028 747 4113 quibus
772 4027 964 4114 affligebant
992 4043 1152 4114 pauperes
1179 4027 1325 4110 galeotes

170 4128 238 4195 Sub
257 4131 312 4196 illo
333 4140 384 4192 ost
402 4131 494 4215 alius,
516 4133 571 4214 qui
597 4133 712 4196 dicitur
731 4135 885 4216 boronus,
906 4133 940 4197 id
959 4144 1012 4198 est
1031 4134 1110 4196 baro
1132 4131 1251 4216 gerere,
1272 4141 1324 4219 qui

170 4231 211 4296 ad
228 4234 357 4317 jussum
380 4242 524 4298 cornetae
545 4245 691 4300 movetur
711 4246 745 4300 et
772 4246 891 4318 movet,
924 4245 957 4299 et
987 4254 1116 4320 semper
1148 4236 1266 4302 habitet
1291 4243 1323 4302 in
