2644 4786
703 163 768 229 ddd

157 349 337 419 deoseulati
358 363 471 414 sumus
488 343 685 410 utoliuautes
713 351 775 408 u'os
801 346 836 406 in
868 343 1000 428 lpfsurn,
1033 353 1072 405 et
1101 339 1272 426 indulgen·

154 456 320 544 plenariae
347 450 545 517 remissionis
574 450 759 534 eeeepimus
788 448 895 532 (ἢ),
932 458 968 511 et
1001 448 1101 512 simili
1130 446 1296 530 odoret

154 561 276 626 dietum
299 566 371 641 est,
392 555 539 620 reereati.
581 553 656 617 Nee
679 553 811 637 mirum,
847 571 922 618 eum
941 557 1007 618 llos
1037 555 1180 618 usnemu
1204 555 1234 615 iu
1255 538 1297 626 lul

152 683 311 751 praesepe
337 663 478 746 positum
510 659 569 722 sit.-
605 657 801 722 Beetissima
828 661 916 722 enim
937 661 1045 742 Virgo
1062 659 1172 722 liaris
1294 659 1295 662 ’

56 792 63 800 ·
152 771 271 856 peruls
292 765 431 831 involvit
461 773 495 828 at
514 764 549 826 iu
569 779 728 846 praesepe
748 765 870 847 posuit,
902 766 981 847 quia
1000 781 1069 826 nou
1091 773 1164 827 erut
1185 763 1239 826 eil

152 877 187 940 in
208 871 398 952 diversorio,
425 869 459 931 iu
481 885 545 951 quo
565 876 717 952 pastores
738 867 856 951 arrgelo
878 868 1018 932 dooeute
1039 885 1179 954 puerum
1207 872 1295 930 inrer-

153 987 256 1044 eruut.
298 978 372 1039 lloe
393 990 553 1058 praesepe
572 981 639 1036 atat
659 973 720 1036 snb
740 982 833 1056 petra
856 973 1000 1059 desuper
1014 971 1193 1056 pendente,
1214 973 1298 1055 inqu,

154 1083 316 1172 peregrini
335 1077 594 1164 prioresdteunt
622 1078 807 1142 sevidisse
832 1077 956 1142 ferreos
978 1077 1124 1142 duculos
1148 1087 1183 1139 et
1203 1075 1293 1154 clear

154 1187 196 1253 ad
217 1203 300 1272 qnos
327 1184 512 1268 llgsluntur
529 1181 673 1264 hestiae,
695 1189 728 1246 et
750 1181 884 1246 Christo
903 1184 948 1246 iot
966 1181 1106 1265 jaeeute
1134 1179 1295 1244 stabant!

156 1293 248 1378 ligni
267 1293 329 1355 bos
349 1297 383 1352 et
396 1288 519 1372 asinus,
541 1295 780 1369 eognosoentes
801 1284 1017 1350 etadorantes
1027 1285 1206 1349 Dominum
1220 1270 1299 1346 sunu*

155 1407 192 1462 ut
213 1396 331 1460 dieitur
349 1394 450 1457 llsaia
472 1394 500 1456 l.
545 1390 784 1456 Ostendebatur
810 1391 906 1455 etiarn
928 1391 1006 1454 olim
1026 1389 1115 1473 lapis
1136 1391 1199 1474 ilri,
1228 1407 1293 1475 quta

155 1501 261 1584 Virgo
282 1507 385 1562 mater
405 1497 573 1581 supposuit
595 1496 694 1579 ospiti
713 1497 850 1580 parvuli,
873 1498 950 1581 quia
968 1494 1125 1580 pulvinar
1147 1505 1205 1558 aut
1222 1495 1293 1556 sinin

156 1617 222 1669 uon
239 1605 374 1684 habult3
395 1601 456 1666 sed
477 1601 615 1684 lapidem
643 1601 739 1665 foeno
767 1603 857 1666 texit.
899 1600 994 1666 Unde
1026 1601 1173 1663 eoelesia
1200 1609 1282 1662 eantu

155 1709 268 1773 Foeno
285 1706 399 1789 jaoere
419 1705 561 1789 pertulit,
581 1723 740 1790 praesepe
754 1725 819 1771 non
835 1706 1000 1771 abhorruit
1014 1714 1080 1767 eto.
1122 1705 1206 1768 Erat
1218 1715 1292 1766 auter

156 1829 316 1899 praesepe
346 1811 477 1880 Domini
504 1828 661 1894 saxeum,
698 1828 741 1876 ex
775 1811 889 1875 eedem
921 1821 1016 1895 petra
1040 1811 1212 1892 excisum,
1239 1827 1293 1891 que

157 1912 430 2004 superpendebat,
452 1917 537 1980 deut
558 1915 655 1980 lrodie
675 1925 752 1980 sunt
771 1918 942 2000 praesepia
963 1916 1086 1979 inillis
1108 1915 1214 1978 terris
1248 1913 1293 1975 Nu

159 2013 315 2107 intelligo,
336 2019 422 2107 quod
444 2018 561 2084 dieitur
580 2022 797 2103 communiter,
820 2019 906 2105 quod
926 2019 962 2083 S.
980 2020 1112 2082 Helena
1132 2020 1210 2084 tulit
1229 2036 1294 2102 pru·

158 2145 240 2211 sepe
259 2127 401 2210 ligneum
414 2125 456 2188 de
471 2124 552 2208 boo,
574 2134 606 2187 et
619 2127 728 2208 posuit
741 2144 961 2209 marmoreum,
982 2135 1017 2188 et
1036 2145 1155 2189 verm
1172 2141 1294 2209 praeseus

159 2232 325 2296 transtulit
346 2227 681 2312 Constantinopolim,
707 2239 740 2293 et
771 2230 848 2293 lude
875 2231 990 2296 dieitur
1022 2249 1101 2294 essa
1134 2230 1294 2294 onustum

160 2339 295 2402 Romam
333 2337 365 2399 in
394 2334 567 2397 ecelesiam
600 2334 847 2400 lateranensem.
906 2335 980 2399 Nisi
1011 2336 1180 2400 vellemus
1208 2335 1296 2398 diuers

161 2443 248 2528 quod
256 2441 383 2524 Juseplr
404 2439 670 2524 lomelengum
691 2443 857 2504 oontexuit
876 2458 1043 2524 praesepe,
1066 2449 1099 2502 et
1111 2443 1296 2524 posuitmpe

161 2565 319 2632 praesepe
339 2561 483 2608 saxeum.
526 2543 571 2606 Et
592 2551 671 2607 tuno
691 2555 815 2628 oportet
834 2545 950 2628 dioere,
972 2545 1058 2629 quod
1069 2545 1201 2628 Juseplr
1212 2547 1296 2608 bore·

162 2661 196 2717 et
215 2654 341 2716 minum
365 2667 477 2713 seeum
504 2647 538 2710 iu
568 2647 674 2711 loeum
700 2647 791 2713 duxit
818 2649 860 2712 de
879 2650 1063 2733 Nazareth,
1097 2651 1186 2713 sieut
1217 2649 1297 2732 plne

164 2757 284 2822 dieunt.
326 2754 427 2817 Porro
468 2769 627 2835 praesepe
654 2751 756 2837 illud,
779 2753 867 2836 quod
895 2755 992 2818 lrodie
1025 2761 1078 2818 est
1100 2756 1134 2818 in
1157 2754 1244 2836 loeo,
1267 2766 1299 2814 eu

164 2877 394 2940 marmoreum,
429 2857 551 2921 tabulis
578 2857 661 2920 allis
683 2858 927 2940 expolitissimis
956 2861 1079 2925 laetum
1101 2862 1136 2924 in
1156 2859 1227 2925 loeo
1245 2875 1300 2920 rur

164 2963 332 3048 praesepis
342 2963 474 3026 Domini
480 3008 491 3044 ,
513 2969 548 3025 et
564 2962 674 3026 subtili
702 2964 867 3027 sohernate
888 2974 1050 3048 ornatum3
1072 2965 1162 3049 quod
1184 2965 1299 3049 deploro

164 3067 429 3149 chrysostomus,
452 3067 584 3130 dicens:
606 3065 634 3128 0
654 3068 685 3130 si
702 3067 778 3131 milri
799 3069 910 3132 lioeret
930 3068 1009 3133 illud
1027 3087 1189 3154 praesepe
1205 3071 1298 3134 uiden.

165 3173 199 3237 iu
220 3188 285 3256 quo
298 3168 456 3234 Dominus
473 3171 589 3254 jacuit!
609 3169 707 3234 Nune
728 3189 788 3235 uos
810 3169 989 3237 Christiani
1012 3176 1108 3257 quasi
1128 3193 1187 3258 pro
1205 3177 1298 3239 honore

166 3278 298 3344 tulimus
326 3274 446 3360 lutum,
476 3285 509 3338 et
538 3277 705 3359 posuimus
732 3287 909 3360 argeutum.
950 3277 1019 3341 Sed
1051 3279 1129 3341 milrl
1153 3281 1298 3362 pretiosius

165 3382 245 3448 illud
266 3391 327 3464 est,
349 3380 436 3464 quod
457 3376 599 3445 ablatum
621 3390 684 3446 est.
726 3380 990 3464 Namargeuturu
1012 3390 1044 3445 at
1065 3400 1177 3446 aurum
1194 3387 1297 3447 miratu

166 3487 350 3572 gentilitas,
382 3485 558 3549 olrristiaua
591 3484 676 3550 fides
704 3494 743 3552 ,et
774 3485 904 3548 devotio
934 3486 1067 3550 miretur
1096 3485 1213 3551 luteum
1240 3485 1295 3550 illud

166 3607 334 3676 praesepe,
355 3589 431 3673 quia
450 3589 556 3672 quiin
574 3589 629 3652 illo
644 3591 793 3673 praesepi
804 3597 902 3653 uatus
920 3599 982 3672 eat,
1003 3609 1116 3654 aurum
1134 3592 1294 3655 condemno

168 3702 201 3756 et
234 3702 411 3775 argeutum.
452 3693 530 3756 Non
562 3691 740 3757 eundemne
774 3710 852 3776 eos,
884 3695 940 3777 qui
975 3695 1105 3759 honoris
1143 3693 1231 3776 (m
1260 3695 1294 3765 dl

169 3811 289 3860 oaussa
321 3796 489 3883 iuuerunt,
525 3815 632 3883 neque
661 3799 758 3862 etiem
787 3797 863 3862 illos·
889 3797 1024 3882 damno,
1044 3799 1107 3882 *qut
1142 3801 1175 3862 in
1204 3799 1293 3883 templo

167 3897 314 3964 teeerunt
335 3917 429 3984 ‚vasa
461 3918 581 3986 aurea,
607 3901 667 3965 sed
697 3901 836 3965 admiror
868 3902 970 3965 lleum
994 3910 1167 3966 ereaturam
1202 3903 1292 3982 munli,

165 4000 224 4088 'qui
261 4019 327 4066 nou
364 4003 448 4068 inter
478 4015 592 4069 aurum
629 4015 663 4070 et
694 4013 885 4090 argentum,
915 4005 976 4069 aad
1006 4006 1041 4069 in
1079 4005 1145 4070 luto
1171 4013 1290 4073 munitur.

166 4105 261 4170 Euae
280 4107 343 4170 ille
387 4105 472 4170 Sunt
499 4109 583 4171 euim
614 4111 784 4190 praesepia
817 4110 904 4174 illitus
928 4119 1038 4174 tarrae
1067 4119 1122 4174 aut
1147 4129 1235 4177 saxea
1252 4123 1291 4174 eut

168 4208 267 4284 'utem
288 4218 322 4270 et
339 4225 405 4270 uun
426 4207 467 4266 de
501 4209 666 4270 asseribus
703 4218 761 4272 aut
782 4215 906 4274 madio
938 4212 1038 4278 faute
1078 4213 1179 4279 natet
1209 4225 1290 4282 autea
