2608 4842
760 50 824 132 ιιι

212 255 376 330 venimus,
398 251 454 314 ubi
475 247 560 312 idem
586 249 767 332 Apostolus
785 249 907 313 utiliter
937 249 1102 312 dubitans
1137 250 1271 312 cicatri

212 359 307 446 gidus
330 357 473 440 corporis
495 355 619 421 Christi
644 366 780 436 tangere
804 355 929 418 meruit.
970 353 1225 418 Procedentes
1248 367 1303 417 aut

212 467 319 530 locum
340 461 429 526 illum
450 462 607 544 hymnum
628 461 819 543 gaudiosum
846 461 1068 523 cantavimus:
1113 460 1268 523 Exultet
1301 502 1303 507 ,

214 569 374 652 nunnus,
398 565 532 631 resultet
558 574 643 629 terra
663 563 791 648 gaudiis
801 574 875 647 etc,
898 573 930 627 et
950 567 985 627 in
1005 567 1083 628 loco
1099 570 1272 648 prostrati
1287 591 1303 628 ιι

212 676 377 760 plenariae
388 673 586 736 remissionis
601 671 821 752 indulgentias
836 672 1027 754 consequuti
1041 690 1176 736 sumus
1185 673 1277 753 sti).
1301 716 1303 721 .

213 782 284 845 loeo
297 779 331 842 S.
345 777 495 860 Apostoli
505 779 649 842 'lbomae
669 775 867 860 singularem
884 777 1020 858 gratiam
1037 777 1295 860 contemplatio

212 885 336 949 Omnes
358 885 459 964 enim,
482 901 565 965 quos
586 883 741 966 legimns,
763 885 850 945 circe
871 883 933 945 bec
954 881 1053 962 latus,
1073 883 1114 944 in
1141 884 1236 966 qnod
1254 881 1279 944 S.

213 1010 286 1056 mas
308 1009 435 1052 munnm
454 988 588 1070 jubente
622 987 752 1051 Christo
775 988 878 1070 misit,
910 987 1032 1070 aliquid
1062 989 1211 1070 egisse,
1243 991 1293 1070 sin,

214 1097 352 1181 quadam
370 1095 597 1178 praerogativa
616 1094 741 1176 gratiae
773 1094 967 1156 remunerati
994 1095 1196 1156 extiterunt.
1232 1095 1294 1175 Lo„

215 1204 301 1265 enim
323 1200 416 1263 miles
438 1195 623 1262 incredulus
645 1205 680 1261 et
693 1196 859 1280 crudelis,
874 1215 912 1258 uc
930 1197 1046 1262 debilis
1069 1200 1166 1281 visu,
1186 1201 1273 1282 jussu
1292 1212 1303 1225 ··

216 1307 306 1370 cruci
328 1305 462 1386 asstitit,
493 1313 527 1366 et
549 1304 676 1366 vibrata
706 1303 801 1366 basta
833 1304 866 1366 in
887 1303 972 1366 latus
1002 1303 1201 1368 Salvatoris
1219 1306 1297 1368 infixit

214 1431 272 1476 cor
292 1410 531 1474 sanctissimum
553 1406 675 1470 Christi
697 1409 867 1472 transfixit.
898 1408 988 1473 Casu
1010 1418 1128 1474 antem
1153 1413 1290 1494 ειιιςιίιι

213 1519 342 1581 bostem
355 1515 556 1596 decurrente,
571 1513 655 1576 oculi
676 1513 748 1596 ejus
769 1515 847 1577 tecti
869 1513 955 1578 clare
974 1515 1067 1597 vidit,
1088 1524 1126 1578 et
1145 1515 1245 1579 lumen
1261 1537 1303 1578 ιιι

215 1630 249 1683 et
269 1621 413 1701 corperis
443 1620 586 1703 accepit,
618 1637 657 1682 ec
689 1620 876 1702 martyrium
910 1619 1036 1682 celebre
1074 1622 1221 1702 pertulit.
1265 1630 1303 1675 tu

215 1726 606 1808 JohannesEvangelists
629 1725 714 1787 latus
735 1725 798 1787 hoo
818 1723 910 1807 vidit,
927 1735 960 1788 et
980 1725 1068 1810 quod
1089 1745 1181 1810 aqna
1202 1737 1232 1790 et
1247 1746 1296 1808 snie

216 1830 335 1914 exivit,
373 1832 560 1913 conspexit,
601 1838 633 1892 et
664 1829 815 1911 eredidit,
855 1838 888 1892 et
919 1833 1143 1894 testimonium
1166 1833 1303 1916 mysterio

215 1938 425 2001 maximorum
447 1936 616 2020 perhibuit.
639 1933 674 1997 S.
697 1935 839 1998 'ihomas
859 1934 1035 2017 Apostolus
1058 1935 1156 2019 vidit,
1178 1941 1298 2020 tetigit,[

217 2052 250 2106 et
272 2041 489 2104 solidissimus
511 2059 550 2104 ac
570 2041 793 2123 apertissimus
814 2039 891 2103 fidei
912 2041 1082 2104 confessor
1102 2041 1237 2106 effectus
1254 2055 1299 2112 nst,

215 2147 408 2209 senitentiam
437 2146 531 2208 nobis
564 2145 661 2209 valde
698 2145 944 2210 consolatoriam
978 2147 1118 2210 audivit:
1154 2151 1298 2232 quie,1·

215 2251 384 2335 Dominus,
398 2251 509 2315 vidisti
529 2269 582 2313 me
603 2249 734 2333 nnuma,
750 2250 930 2314 credidistis
951 2253 1047 2335 beati,
1071 2254 1126 2335 qui
1148 2274 1210 2318 non
1230 2253 1301 2316 vide

217 2368 250 2421 et
271 2356 484 2421 crediderunt.
528 2354 659 2418 Caeteri
680 2357 776 2418 etlam
805 2357 973 2441 Apostoli,
1006 2358 1121 2441 quibus
1152 2359 1298 2422 ostenditt

218 2465 323 2527 minus
345 2481 459 2526 manus
489 2470 521 2523 et
549 2460 649 2543 lotus,
677 2461 841 2543 vlderunt,
874 2471 909 2524 et
927 2465 1029 2546 aperti
1050 2473 1124 2526 sunt
1146 2485 1185 2528 ex
1211 2466 1265 2528 boo
1284 2492 1301 2517 ιι

218 2588 342 2652 eorum,
381 2578 416 2632 ut
456 2565 675 2648 intelligerent
715 2569 909 2650 scripturus,
953 2576 986 2629 et
1024 2568 1140 2650 gaudio
1179 2571 1303 2652 repleren

216 2674 382 2738 ineffabili.
423 2675 546 2736 Beatus
566 2671 772 2735 Bembardus
793 2691 888 2736 orans
909 2671 1186 2760 anteCrnciiixum
1211 2677 1303 2738 visus

218 2777 304 2842 solvi
324 2796 343 2840 e
365 2795 462 2840 cruce
484 2779 555 2860 lpse
577 2777 778 2860 Crucifixus,
800 2797 902 2862 seque
936 2797 1034 2860 super
1054 2788 1188 2842 orantem
1206 2780 1286 2842 reclin

218 2902 314 2967 quem
337 2899 433 2946 orans
456 2884 615 2966 auscepit,
637 2892 669 2945 et
691 2901 729 2946 os
750 2898 843 2946 sunm
872 2884 913 2948 ad
934 2885 1019 2948 letus
1041 2884 1186 2949 Crucliixi
1207 2885 1303 2968 epple

218 2996 251 3050 et
272 2987 348 3050 inde
373 2987 523 3050 melliflue
556 2989 770 3052 doctrinarum
797 2991 895 3054 suxit.
947 2989 1088 3054 Sanctus
1115 2991 1235 3073 insuper
1257 2992 1303 3051 Fr

210 3093 326 3156 olsous
345 3089 531 3155 vulneribus
552 3091 673 3157 Cbristi
695 3095 904 3158 vehementer
925 3095 1063 3158 allectus
1083 3097 1221 3180 stigmata
1235 3093 1298 3158 llo'

217 3201 301 3263 Jesu
324 3197 510 3262 mirabiliter
540 3207 573 3260 et
593 3199 790 3263 sensibiliter
810 3201 843 3264 in
865 3219 925 3264 sno
947 3219 1080 3284 corpore
1105 3211 1219 3283 portare
1237 3219 1277 3263 me
1292 3224 1301 3251 ··

217 3310 355 3388 Insuper
376 3304 499 3369 Sancta
527 3304 702 3367 liutharius
725 3305 765 3368 de
786 3304 884 3369 Senis
907 3325 948 3368 ex
969 3307 1033 3369 hoc
1053 3305 1237 3368 sanctissimo
1255 3303 1300 3365 lete

218 3413 332 3492 ebibit,
372 3419 405 3473 et
434 3409 608 3473 devotione
646 3409 834 3473 dulcissima
861 3411 1020 3474 lnebrlnta
1052 3409 1116 3473 luit.
1162 3413 1237 3472 Dum
1272 3436 1289 3461 ἰ

217 3512 344 3575 cuidam
365 3514 523 3578 foeminae
544 3516 688 3578 lniirmae
716 3515 810 3578 uleus
831 3515 991 3580 horridum
1012 3515 1142 3599 pectoris
1166 3523 1192 3578 et
1211 3511 1303 3576 loetid'·

218 3617 332 3680 simum
354 3619 484 3682 habenti
501 3621 653 3704 serviret,
684 3638 758 3683 eum
780 3630 995 3705 quapropter
1022 3621 1227 3684 intolerabilem
1246 3619 1300 3682 ieet

220 3741 286 3785 rem
308 3743 401 3786 nemo
434 3743 564 3786 manere
595 3734 726 3808 posset,
768 3724 905 3808 quodam
938 3725 991 3790 die
1022 3727 1110 3810 virgo
1128 3723 1242 3806 Christi,
1268 3722 1292 3785 dt

219 3824 311 3887 ulcus
332 3826 410 3889 illud
433 3827 624 3912 detexisset,
646 3837 682 3892 ut
700 3830 804 3912 ipsum
827 3829 965 3894 lavando
987 3839 1141 3915 purgaret,
1161 3850 1223 3893 mox
1241 3838 1299 3890 tant

220 3938 253 3991 et
274 3939 338 3993 tam
359 3929 507 3993 horridus
534 3933 636 3997 ioetor
669 3933 835 3998 exhalavit
867 3955 908 3999 ex
942 3957 996 4020 eo,
1026 3947 1061 3999 ut
1088 3944 1184 3998 cuncta
1204 3934 1293 3996 interit

216 4035 355 4119 virginis
378 4045 583 4100 moverentur
613 4056 655 4102 ex
676 4056 816 4122 nauseo,
849 4040 935 4123 quod
967 4041 1061 4123 virgo
1091 4047 1181 4104 saneta
1207 4041 1298 4102 sentit

219 4147 331 4202 contra
352 4153 482 4200 curnem
504 4155 595 4201 suem
611 4140 778 4222 indignate
801 4145 950 4227 nimium,
971 4145 1106 4228 juravit,
1126 4145 1229 4208 diceus:
1249 4145 1302 4209 citit
