2596 4788
541 171 602 236 321

16 358 151 422 situm
177 333 390 440 pomeranth‘s
409 362 442 416 et
474 351 725 436 malogranatis,
753 362 787 417 et
808 351 849 417 de
867 353 960 438 horto
980 356 1014 418 in
1037 355 1166 433 domurn

16 482 137 546 gnam
174 479 253 546 cum
287 457 398 522 multis
425 458 621 524 habitaculis
651 458 873 542 ascendimus,
902 461 937 523 in
965 479 1031 544 qna
1057 469 1166 532 tamen

16 589 62 632 ro
92 575 240 632 tanturn
263 580 426 646 pauperes
447 563 577 646 quidam
592 563 712 626 Graeci
731 564 876 628 habitant
896 569 1005 649 pauci,
1030 573 1064 628 et
1084 583 1166 649 pos-

16 683 34 736 ι
62 675 111 736 ιιι
146 691 193 734 ea
220 674 351 734 eentum
381 668 530 750 homines
565 667 712 735 hahitare
742 685 816 734 cnm
847 671 972 752 quieto,
1003 673 1097 755 qnia,
1129 677 1166 736 ιιι

16 781 51 862 ι,
82 786 148 841 est
171 775 328 844 hahitatio
348 771 495 860 grandis,
517 771 662 836 solennia
684 791 758 836 cnm
779 773 877 837 valdo
897 775 1006 838 multis
1028 776 1167 842 cameris

16 882 227 963 tadinatis,
261 887 296 943 et
316 878 512 945 adhaerete
531 885 624 961 parto
646 876 840 942 occidentali
871 879 1030 944 ecclesiae
1059 881 1168 949 amoti

18 988 175 1070 ulchri,
196 987 264 1069 itu,
293 983 379 1068 quod
401 983 443 1046 (le
463 981 633 1065 principali
653 983 852 1048 habitatione
874 993 926 1047 est
945 984 1089 1050 fenestra
1107 1005 1167 1070 per

16 1113 113 1158 rum
139 1093 180 1156 in
202 1090 375 1174 enelamur
398 1091 506 1152 sancti
526 1087 702 1172 sepulchri,
724 1107 783 1172 per
805 1105 903 1172 quan
923 1100 1094 1174 respectus
1115 1099 1168 1156 eat

16 1219 86 1284 per
111 1196 315 1262 dominicum
337 1193 558 1278 sepulchrum

58 1305 174 1367 Haec
197 1300 312 1364 domus
338 1299 414 1364 olim
439 1299 501 1362 fuit
520 1298 676 1364 habitatio
704 1317 834 1384 regum
846 1301 1065 1384 Jerusalem,
1061 1309 1113 1364 et
1132 1269 1168 1378 in

51 1408 280 1490 habitabant,
310 1411 351 1468 nt
378 1421 508 1487 semper
548 1405 754 1470 sanctissimo
791 1407 951 1470 dominico
994 1406 1172 1490 sepulchra

16 1521 179 1596 essent,
219 1521 252 1574 et
282 1511 430 1574 omuibus
459 1509 573 1572 diebus
594 1508 753 1586 dabantur
773 1511 815 1574 de
838 1529 879 1574 ea
905 1511 1037 1576 cuilibet
1068 1529 1167 1594 pera-

15 1623 81 1683 ino
107 1627 181 1682 tres
203 1633 305 1700 panes
333 1625 478 1698 tempore
513 1632 626 1697 regum
654 1615 833 1678 latinorum.
877 1615 943 1678 Sed
966 1624 999 1678 et
1019 1615 1169 1686 (lominus

16 1724 168 1788 ›ldanus
192 1728 288 1804 capta
309 1730 342 1784 et
360 1735 519 1808 possem
547 1719 678 1783 civitate
698 1729 811 1784 sancta
840 1720 950 1787 multis
971 1721 1066 1784 aruris
1086 1737 1169 1784 con·

16 1830 161 1910 inavit3
194 1825 254 1890 sed
283 1844 369 1888 nuuc
402 1835 502 1888 totum
529 1825 642 1907 periit,
672 1834 707 1888 et
727 1825 776 1888 illi
797 1826 933 1906 Graeci,
960 1826 1015 1907 qui
1043 1827 1168 1909 regium

16 1935 158 1999 tlatium
179 1931 372 2014 inhabitant,
394 1931 453 1992 vix
472 1930 586 1992 vivam
606 1938 745 2014 possunt
764 1944 843 2012 prae
863 1938 1064 2012 paupertate.
1101 1929 1186 1992 Sed-

16 2043 133 2121 ;ipsa
164 2036 278 2102 domus
309 2035 452 2118 indique
482 2036 607 2098 ruinaru
639 2035 792 2116 minnur,
823 2042 857 2096 et
877 2035 912 2096 in
946 2034 1056 2096 multis
1087 2034 1170 2097 locis

16 2147 82 2228 rit,
105 2159 171 2206 nec
192 2151 258 2222 oet,
279 2141 335 2226 qui
356 2140 480 2204 reficiat
507 2141 562 2204 vel
583 2139 733 2204 sublevet
764 2141 874 2203 ruinas
895 2139 970 2202 illae
1000 2139 1169 2223 Peregrini

16 2269 36 2312 e
63 2245 212 2314 Graecia
232 2249 265 2310 in
285 2247 343 2309 illa
363 2247 458 2311 domo
478 2245 640 2327 habitant,
669 2244 799 2328 quando
824 2254 903 2308 sunt
922 2246 957 2308 in
977 2244 1170 2328 Jerusalem,

16 2365 29 2418 ι
53 2354 187 2436 dicunt,
207 2351 295 2437 qnod
314 2353 360 2416 sit
378 2351 535 2434 palatium
557 2351 761 2433 patriarchae
782 2348 995 2420 Graecorum.

25 2587 95 2664 Dc
120 2584 290 2690 hospitali
323 2585 452 2667 Sancti
476 2585 657 2664 Johaunis
688 2596 729 2664 et
755 2587 850 2664 loeis
875 2583 993 2664 eidem
1017 2585 1171 2664 annexis

431 2717 470 2786 et
495 2704 760 2810 coaedificatis„

95 2876 148 2939 De
175 2875 231 2940 illa
262 2876 539 2942 mercantes
569 2897 611 2943 ex
639 2881 787 2962 opposito
815 2883 850 2946 in
878 2879 1038 2965 hospitale
1056 2877 1172 2943 Sancti

16 2982 175 3074 iohannis
192 2981 405 3067 ascendimus,
421 2984 455 3046 in
477 3003 543 3068 quo
561 2981 723 3072 peregrini
744 2986 903 3052 dormiunt
918 2995 951 3052 et
965 2975 1171 3075 manducant,

16 3089 66 3152 De
88 3103 152 3169 quo
171 3103 268 3168 surpra
288 3087 341 3150 iol.
363 3087 413 3152 39.
437 3090 479 3152 Δ.
502 3092 627 3172 potnit„
657 3092 751 3154 Huic·
775 3101 883 3156 autem
913 3091 1114 3174 habitaculo,
1136 3092 1172 3150 in

16 3211 82 3277 quo
115 3191 275 3274 peregrini
302 3204 480 3280 morannu,
511 3205 581 3260 eret
611 3193 721 3274 (M
730 3197 784 3275 Δ)
815 3197 976 3282 qnondam
1010 3213 1171 3258 amenum

16 3294 141 3382 grande
157 3295 308 3378 palatium
321 3308 356 3361 ct
369 3297 515 3364 solennis
532 3295 687 3366 habitatio
699 3301 898 3365 dominorum
912 3301 1047 3363 militum
1067 3299 1174 3360 sancti

16 3402 190 3485 Johmna,
210 3403 266 3484 qni
285 3414 378 3467 erant
394 3407 533 3488 piissimi
553 3407 712 3490 hospites,
729 3412 765 3467 et
784 3405 960 3487 largissimi
980 3404 1173 3486 peregrino-

20 3527 103 3588 rum,
121 3511 153 3568 et
171 3505 229 3568 fuit
249 3507 306 3570 illa
325 3511 534 3594 consuetudo,
547 3511 633 3594 qnod
655 3509 783 3594 quando
804 3509 995 3592 peregrinus
1015 3507 1175 3592 hospitale

22 3609 268 3694 ingrediebatur,
290 3612 389 3678 dabat
409 3615 628 3698 hospitalario.
640 3617 672 3678 ll
710 3616 891 3678 marchetas
912 3615 1120 3697 venetianus,
1142 3622 1175 3676 et

22 3719 97 3782 sine
114 3717 237 3800 ¹querela
256 3719 369 3782 hahuit
387 3719 521 3785 liborum
542 3722 735 3803 hospitium,
754 3723 850 3784 etiam
873 3721 903 3784 si
922 3738 981 3803 per¹
1001 3737 1119 3782 aunum
1140 3719 1175 3782 iu

25 3817 196 3885 Jerusalem
222 3824 406 3894 mansisset.
447 3827 491 3888 nt
511 3835 577 3889 tam
599 3826 726 3908 amplus
758 3834 791 3888 et
810 3824 973 3908 gloriosus
1003 3826 1063 3889 luit
1084 3827 1175 3890 locus

28 3930 107 4008 iste,
136 3935 166 3988 ct
190 3927 252 3991 hoc
282 3928 460 4013 hospitale,
490 3930 578 4015 quod
612 3933 642 3992 ai
681 3930 769 3992 millo
799 3929 962 4014 peregrini
994 3933 1173 4013 venissent,

31 4047 138 4096 omnes
150 4031 252 4122 locum
272 4034 345 4096 sine
364 4041 528 4118 pressura
546 4017 759 4118 habuissent,
789 4035 876 4100 sicut
896 4037 931 4098 in
952 4036 1052 4112 ruinis
1072 4035 1177 4104 videri

33 4142 150 4234 potest,
178 4145 209 4200 et
238 4137 273 4203 iu
292 4157 332 4202 ea
360 4149 468 4223 parte,
496 4159 582 4228 quae
609 4141 786 4226 semirupta
815 4143 951 4224 mansit,
981 4159 1066 4226 quae
1095 4138 1177 4222 adeo

36 4257 144 4328 magna
160 4249 218 4326 eat,
230 4243 316 4328 quod
335 4245 370 4310 ‘nr
388 4263 431 4310 ea
449 4245 677 4330 quadringenti
697 4247 857 4332 porogrhn
878 4253 1015 4330 possen
1035 4259 1176 4308 manere.

936 4343 968 4401 at
