2640 4792
695 123 758 191 m

131 316 295 398 famulum,
316 311 370 377 cui
390 319 468 375 uota
485 317 556 372 erat
576 307 633 371 via
655 304 697 369 ad
718 313 865 370 sanctam
892 323 1023 372 cmccm
1050 303 1289 389 promittens

131 419 316 488 marcellam
351 435 381 492 a„
392 415 535 500 quolibet
556 413 620 475 sibl
632 410 775 475 dandum
795 431 920 477 mecum
930 411 1035 495 ituris,
1054 409 1235 474 conduxi
1253 409 1312 470 etia

131 525 341 608 barcalorum,
363 523 419 606 qui
443 539 504 586 nos
525 517 567 582 ad
587 517 664 582 litus
686 517 848 583 educeret.
865 517 1032 582 Videntes
1048 525 1180 579 autem
1200 515 1312 578 nubila

133 649 197 695 non
212 647 287 693 esse
302 628 411 710 jocum
434 621 520 709 quod
540 622 725 711 gerebatur,
747 626 894 687 abierunt
915 639 1030 687 omues
1048 619 1095 684 de
1120 640 1212 684 mea
1232 623 1312 684 sooit

133 745 201 800 tato
222 743 406 800 retrorsum.
449 729 582 793 Mecum
604 737 714 827 tuamen
729 737 915 822 manserunt
940 730 974 793 lu
998 727 1208 812 peregrini:

216 879 378 942 Dominus
411 873 592 939 Heinrious
623 873 664 936 de
691 872 926 957 Sobowmberg
961 872 1083 937 nobilis
1128 871 1258 952 miles,
1285 873 1312 932 ri

135 983 380 1152 ⁸mlxljoiniuus
401 1081 573 1148 Jobaimes
596 1082 800 1182 Presbyter,
830 1081 1079 1148 archidiaconus
1110 1077 1312 1162 traussylm·

138 1213 214 1280 nus,
235 1195 288 1258 vir
309 1190 450 1255 devotus
474 1197 509 1251 et
530 1187 654 1252 doctus.
681 1271 686 1287 Ι

220 1314 384 1381 Dominus
396 1309 525 1394 Caspar
539 1307 652 1392 Siculi,
664 1311 772 1392 milas,
784 1308 835 1372 vir
842 1307 974 1407 juvenis
985 1307 1096 1372 audax
1109 1315 1149 1371 et
1157 1315 1309 1372 strenuus

208 1441 367 1505 Dominus
398 1435 608 1502 Durcbardus
651 1435 864 1521 Nusdorllor,
902 1435 1015 1520 miles,
1049 1436 1104 1500 vir
1155 1437 1308 1497 bonuset

135 1543 308 1631 jocundus.
867 1550 873 1559 ·

220 1647 382 1712 liudolfus
409 1645 538 1728 quidam
575 1643 744 1715 suranus
779 1646 821 1710 de
851 1647 1018 1730 Thurego,
1047 1645 1103 1709 vir
1139 1646 1257 1729 longus
1282 1653 1305 1704 et

137 1757 389 1925 prObgzlranues
411 1853 552 1942 quidam,
577 1850 736 1920 morcalor
754 1854 795 1919 de
816 1802 978 1941 Flaudria,
996 1856 1049 1920 vir
1073 1857 1213 1922 multum
1240 1857 1299 1920 siti-

139 1964 276 2032 bandus.

222 2093 266 2156 Et
293 2090 393 2152 irater
422 2089 536 2172 lt'elix,
562 2098 665 2153 motor
694 2089 834 2152 omnium
856 2087 1002 2172 illorum,
1030 2097 1063 2152 et
1085 2089 1237 2154 l’amulus
1256 2109 1299 2172 per

141 2213 193 2260 mc
213 2193 404 2276 conductus,
415 2191 565 2257 Andreas
587 2194 726 2266 nomine.
755 2193 827 2259 Nos
849 2203 922 2258 octo
947 2193 988 2256 de
1006 2192 1106 2278 galda
1128 2197 1166 2259 iu
1189 2200 1297 2259 barma

142 2298 380 2382 descendimus,
403 2306 436 2362 et
458 2297 566 2363 educti
584 2299 625 2362 ad
646 2299 724 2362 litus
744 2297 821 2377 (B)
852 2300 893 2363 de
921 2300 1034 2364 nostra
1052 2302 1297 2385 peregrinatione

141 2407 343 2474 contulimus.
387 2406 467 2469 Erat
487 2413 595 2470 autem
616 2403 710 2466 tarda
727 2404 816 2487 bora,
828 2413 860 2467 et
864 2405 930 2488 ‚sol
941 2409 1148 2492 occubuerat,
1167 2419 1201 2473 et
1220 2419 1296 2473 tono·

143 2515 321 2576 brescebat.
361 2509 487 2575 Servus
517 2529 596 2594 ergo
617 2520 730 2573 noster
763 2517 796 2573 et
828 2509 957 2595 ductor,
986 2505 1091 2576 duxit*
1109 2532 1174 2578 uos
1203 2515 1295 2578 sicin

144 2619 287 2682 tenebris
308 2614 349 2679 ad
369 2617 484 2694 villam
507 2615 689 2699 quandam,
703 2632 787 2698 quae
815 2614 930 2688 dicitur
950 2618 1100 2703 Ornyca,
1126 2618 1251 2685 distans
1274 2621 1294 2683 l.

144 2722 269 2800 miliare
286 2738 306 2782 a
327 2722 408 2781 mari
426 2742 435 2802 3
457 2730 491 2783 et
511 2723 564 2784 ihr
578 2721 720 2784 excitato
742 2720 880 2803 quodam
901 2723 1031 2788 bomine
1052 2725 1194 2809 rustico,
1215 2744 1294 2808 quon

145 2831 282 2888 noverat
303 2821 418 2886 ductor
437 2834 557 2888 noster.
579 2825 715 2888 Protulit
730 2834 846 2890 autem
854 2830 996 2892 rdstlcus
1013 2848 1129 2912 panem
1145 2840 1179 2893 et
1198 2833 1294 2896 riuum

146 2938 180 2992 et
201 2946 332 2991 caseum
354 2937 387 2991 et
418 2930 685 2995 manducavimus
715 2941 748 2995 et
767 2932 916 2997 bibimus.
959 2932 1180 2999 conduximus
1210 2939 1293 3000 etiam

145 3034 278 3100 invilla
299 3034 496 3117 octomulas,
510 3052 616 3118 ¹super
637 3048 720 3121 quas
740 3038 950 3122 sedimds‚·et
969 3055 1041 3104 cum
1059 3038 1156 3120 jubilo
1172 3062 1292 3125 procos-

145 3141 258 3207 simus.
297 3140 427 3203 Interea
448 3136 525 3214 luna
545 3151 660 3204 exorta
681 3139 749 3228 esi,
771 3138 804 3206 et
825 3162 886 3206 sua
906 3143 980 3207 luce
1001 3145 1142 3228 expulsis
1162 3151 1291 3212 tenebris

146 3267 207 3315 nos
242 3243 445 3313 laetificavit:
486 3253 577 3308 erant
609 3249 693 3311 enim
727 3247 824 3312 electi
860 3247 950 3311 Vlll.
986 3250 1082 3334 socii,
1121 3259 1151 3312 et
1177 3260 1290 3336 tempus

146 3356 332 3440 pulchrum,
360 3360 394 3418 ot
414 3351 583 3436 provincia
607 3351 742 3438 nobilis,
764 3362 796 3416 ct
816 3354 873 3418 via
891 3354 992 3436 bona,
1014 3362 1047 3416 et
1068 3371 1137 3418 cum
1152 3355 1211 3420 boc
1228 3361 1290 3422 vir·

146 3457 237 3537 guita
257 3460 343 3522 illius
376 3467 481 3524 tetrae
509 3459 739 3526 suavissimum
761 3459 926 3543 spirabant
934 3458 1089 3544 odorem,
1110 3463 1176 3543 quia
1196 3483 1288 3545 paene

146 3576 260 3621 omnes
280 3561 400 3624 herbae
421 3564 507 3628 illius
526 3566 654 3630 insulae
685 3571 762 3627 sunt
791 3564 984 3628 aromaticae
1013 3563 1200 3630 diversamm
1218 3588 1286 3652 spe-

146 3661 320 3746 cierum‚et
339 3668 513 3752 praecipue
531 3673 681 3736 noctibus
696 3669 812 3733 melius
833 3671 968 3754 spirant,
990 3687 1063 3734 oum
1084 3686 1147 3736 rore
1169 3673 1284 3737 madm-

145 3772 235 3828 cunt.
286 3765 553 3835 Continuavimus
588 3761 696 3840 ante'm
730 3775 792 3839 iter
825 3785 971 3841 nostrum
1002 3794 1106 3860 usque
1129 3775 1279 3847 adortum

145 3867 304 3950 hucileri,
336 3871 392 3951 qui
421 3872 523 3934 solem
561 3881 739 3960 antecedit,
772 3881 861 3943 etin
889 3881 1001 3944 villam
1030 3881 1180 3965 vonimus,
1209 3902 1279 3966 quac

145 3971 261 4038 dicitur
280 3971 360 4038 villa
380 3973 416 4035 S.
430 3974 557 4060 Crucis,
580 3979 687 4064 ibique
710 3983 819 4066 ligatis
840 3984 955 4050 bestiis
977 3995 1010 4049 et
1032 4002 1159 4050 accenso
1176 3988 1276 4051 lumine

144 4077 224 4146 socii
244 4079 308 4144 mei
326 4076 489 4144 biberunt:
513 4098 573 4164 ego
595 4103 673 4149 voro
695 4085 762 4150 dlxi
783 4091 975 4171 matutinas,
998 4099 1031 4156 et
1051 4091 1185 4176 abstinui,
1211 4095 1273 4177 quio

143 4186 177 4250 in
204 4195 312 4252 moute
345 4192 459 4250 sancto
491 4183 654 4246 celebrare
681 4188 818 4248 Missam
850 4195 1016 4273 proposui.
1068 4193 1271 4261 Declinaviuus
