2608 4842
697 123 761 187 288

144 308 204 372 isit
224 321 300 389 pars
332 303 588 388 protiosissimo
619 307 729 370 crucis
760 303 961 385 recondita,
1002 297 1177 384 gemmis,
1204 289 1283 360 ann*

143 421 279 495 argento
298 411 417 491 stipata
443 427 502 493 per
528 409 778 474 illustrissimam
814 411 1001 472 Helenam
1028 404 1115 486 ejus
1137 405 1261 466 inventri

143 535 227 601 quae
248 533 320 578 eam
341 515 501 597 integram
524 533 597 578 cum
626 517 823 601 irrvenisset,
857 514 983 578 secari
1019 527 1106 572 eam
1140 508 1226 590 fecit,
1247 530 1267 570 ιι

143 631 266 705 partem
288 621 353 684 huc
374 638 546 704 reponens,
567 629 603 684 et
619 621 756 685 alteram
766 617 1130 701 Constantinopolim
1149 614 1271 676 transfor

144 725 304 806 Quamdiu
325 733 432 790 antem
454 735 570 789 sancta
589 743 672 789 crux
692 727 726 789 in
747 727 809 790 hoc
831 727 903 790 loco
924 725 1070 804 sterit,
1092 720 1252 783 orientalis
1264 703 1283 798 ιΙ

144 831 286 895 ecclesia
306 838 497 914 prosperata
518 832 580 893 init
601 837 637 893 et
658 833 772 915 crevit,
785 840 817 894 et
841 830 1110 894 sanctissimos
1125 827 1215 888 viros
1232 817 1283 900 hali

144 947 177 1002 et
207 955 335 1020 semper
365 935 406 998 de
432 937 571 999 inimicis
608 937 715 1000 crucis
748 877 873 1002 Christi
902 935 1142 1017 triumphum
1175 925 1283 1011 reponi

144 1041 211 1108 Sed
232 1061 328 1126 quam
350 1042 458 1104 statim
479 1041 555 1106 hinc
573 1038 682 1104 ablata
703 1039 772 1125 init,
789 1041 918 1126 deiecit,
939 1049 987 1102 et
1016 1055 1147 1121 usque
1167 1035 1207 1097 ad
1225 1029 1283 1094 nltirt?

144 1149 235 1212 seces
260 1147 402 1218 devenit
445 1149 544 1210 Hunc
569 1147 675 1209 locum
681 1191 692 1231 ,
723 1148 874 1229 quamvis
894 1164 1086 1228 vacuum,
1113 1140 1283 1206 honmamr

145 1262 178 1317 et
198 1260 315 1316 carnus
349 1253 390 1316 do
410 1261 525 1316 sancta
557 1270 655 1316 cruce
687 1252 731 1315 ibi
763 1252 962 1336 perfecimus
1005 1269 1062 1312 ex
1097 1233 1283 1330 processioni

145 1358 294 1421 absentia
316 1359 401 1420 enim
423 1367 586 1441 tamquam
602 1358 786 1440 praesentia
805 1358 849 1420 ihi
869 1354 1211 1440 contemplabamur.
1235 1347 1283 1427 Sui

146 1465 247 1546 enim,
279 1472 315 1525 ut
345 1463 439 1525 nohis
476 1463 662 1547 videbatur,
693 1482 735 1526 ex
763 1463 906 1545 capsella
934 1463 1002 1525 illa
1041 1461 1166 1524 virtus
1195 1450 1283 1536 praeit

145 1565 300 1628 derelicta
321 1585 342 1628 a
365 1566 454 1649 liguo
489 1577 623 1630 sanctae
651 1569 767 1631 crucis.
810 1568 883 1630 Nec
913 1569 1069 1649 mirum3
1102 1564 1138 1626 si
1171 1559 1283 1622 enimn

144 1673 214 1734 vini
235 1671 359 1754 liquore
381 1669 484 1734 eiluso
519 1672 648 1736 odorem
679 1673 748 1734 vini
770 1674 902 1756 retinet,
935 1682 969 1738 et
993 1673 1099 1736 haec
1132 1657 1283 1747 &psorici

144 1793 209 1859 qua
235 1775 356 1858 lignum
378 1777 508 1841 odorem
539 1777 630 1840 vitae
661 1788 813 1842 aetarnae
834 1779 959 1842 habens
991 1781 1211 1849 contentum,
1234 1761 1283 1824 otoo

144 1879 200 1945 illo
223 1881 356 1958 redolet.
399 1883 524 1946 Verum
546 1890 583 1945 nt
604 1901 643 1946 ιο
663 1883 880 1946 venerabilior
900 1885 993 1947 locus
1019 1889 1147 1960 esset,
1168 1867 1283 1954 hahuit

144 2007 185 2052 eo
210 2005 337 2050 crucem
359 1987 576 2071 reconditam,
603 1989 638 2052 in
658 2005 721 2071 qua
739 2007 842 2071 parva
861 1989 1028 2072 particula
1055 1987 1105 2050 de
1133 1997 1210 2047 vera
1231 1987 1283 2034 ono

145 2089 268 2156 Christi
291 2101 343 2155 est
364 2095 476 2164 infixa.
519 2095 615 2156 Hanc
636 2093 823 2176 particulam
856 2093 1041 2158 deosculati
1067 2103 1200 2166 snmus,
1219 2078 1275 2141 ets*

146 2195 331 2281 dulgentias
353 2201 533 2286 recepimus
554 2199 625 2281 (i).

169 2447 228 2522 De
254 2447 357 2543 loco,
379 2450 417 2524 in
442 2473 512 2550 quo
534 2456 663 2524 sancta
687 2471 779 2524 crux
803 2450 872 2525 fuit
895 2447 1053 2554 probata
1077 2467 1151 2550 per
1171 2425 1264 2514 mortu

592 2569 875 2646 suscitationem.

227 2747 410 2829 Expediti
399 2768 434 2811 ιιι
453 2749 509 2813 illo
530 2751 602 2818 loco
623 2772 695 2816 cum
726 2753 790 2820 alio
813 2762 910 2819 cantu
930 2753 1158 2838 processimus
1183 2736 1216 2802 ad
1232 2747 1268 2792 Μ’

146 2851 235 2914 dtnm
256 2852 417 2937 capellae,
440 2860 473 2916 et
491 2856 536 2919 ibi
558 2867 610 2920 est
630 2859 740 2946 locus,
767 2863 802 2922 in
824 2879 918 2945 quem
945 2857 1168 2943 transpositae
1186 2844 1283 2908 morat

146 2966 212 3019 tres
233 2973 349 3020 cruces
371 2961 545 3044 inventae,
576 2972 612 3026 ut
632 2966 836 3046 probaretur,
870 2983 955 3049 quae
976 2982 1057 3027 crux
1081 2959 1171 3026 essct
1190 2921 1283 3010 Chim

144 3079 235 3146 orus,
258 3068 292 3124 et
315 3061 415 3127 allato
429 3074 554 3130 mortuo
575 3066 618 3129 ad
638 3077 758 3132 tactum
779 3071 886 3133 crucis
898 3067 1022 3132 Christi
1041 3062 1184 3133 surrexit
1201 3051 1262 3116 viru

144 3170 245 3233 Hunc
266 3167 371 3232 locum
394 3168 572 3235 deosculati
600 3191 723 3257 sumus,
746 3183 779 3237 et
800 3173 1018 3257 indulgentias
1039 3169 1248 3254 recepimusr
1226 3147 1264 3232 [ιι]

145 3274 280 3361 Capella
299 3276 381 3340 haao
403 3284 454 3339 est
484 3277 689 3359 Latinorum,
723 3284 757 3339 et
780 3279 871 3342 nulla
895 3282 982 3343 natio
1013 3280 1182 3364 quidquam
1204 3265 1283 3322 Μ

140 3382 224 3462 juris
256 3383 373 3465 hahet,
414 3381 478 3445 nisi
507 3383 632 3465 hatini,
664 3390 697 3444 et
726 3383 877 3447 custodes
908 3386 1014 3448 sancti
1048 3371 1283 3468 sepulchri
1222 3363 1283 3424 ¹⁰0⁰

143 3484 356 3545 Latinorum
346 3505 381 3547 ιιι
401 3504 442 3547 ea
463 3486 617 3570 officiant,
633 3495 665 3549 et
690 3493 777 3550 retro
800 3489 956 3571 capellam
977 3487 1097 3554 habeut
1116 3417 1283 3551 rattruut*

143 3587 177 3648 iu
201 3588 316 3670 quihus
336 3599 495 3674 coquunt,
517 3591 705 3674 comedunt,
727 3591 902 3677 dormiunt,
934 3602 968 3657 et
987 3561 1283 3664 necessariarium!

145 3690 327 3772 perficiunt.
350 3691 483 3756 Fratres
503 3698 643 3760 minores
665 3699 875 3762 communiter
896 3706 963 3762 tres
985 3699 1104 3764 fratres
1122 3698 1152 3760 in
1168 3705 1199 3750 οῦ
1215 3679 1254 3740 ¹⁰⁰⁰
1282 3767 1283 3772 ἵ

144 3794 264 3859 hahent
283 3796 410 3878 degere.
454 3799 570 3864 Multis
591 3803 679 3866 horis
700 3805 734 3866 in
755 3803 938 3869 dormitorio
960 3805 1091 3868 fratrum
1112 3785 1230 3869 dormivi·
1281 3773 1283 3848 Ῑ
