2716 4798
719 146 781 209 ΜΒ

356 497 360 504 “
435 475 629 588 Sequitur
660 475 880 598 'l'ractatus
910 474 1064 560 lentim.

165 673 366 753 continens
377 670 761 772 AetaPeregriucrum
770 669 1083 747 TerraeSauctae
1092 695 1168 773 per
1180 693 1336 747 menses

221 794 483 891 dariumque
508 794 681 869 terminos
707 792 849 868 Terrae
874 789 1035 869 Sanctae
1058 793 1293 911 attigerunt.

247 959 320 1043 (B)
350 960 476 1026 Jurrios
497 961 638 1044 marsis,
664 959 741 1026 ulum
769 962 908 1043 primum
924 959 1011 1029 dlena
1035 979 1134 1026 suum
1166 961 1336 1042 inciperet,

164 1066 284 1149 incepit
314 1076 348 1132 et
375 1077 486 1132 nostre
523 1066 684 1131 maritima
713 1067 880 1148 evagaris
919 1066 998 1130 Erat
1027 1069 1144 1130 auton
1180 1066 1334 1132 dominis

164 1173 267 1254 prima
287 1181 364 1256 post
389 1173 511 1239 fastum
531 1169 566 1234 S.
588 1171 764 1234 'lrirdtstis
795 1169 940 1235 ¹Summo
960 1188 1038 1254 erge
1065 1189 1170 1234 mano
1204 1170 1264 1234 die
1291 1169 1332 1232 ille

161 1279 360 1340 surreximus
381 1287 458 1340 ante
476 1277 557 1340 solis
577 1283 692 1356 omnm,
711 1282 900 1338 escuncias
919 1291 973 1338 ras
994 1281 1124 1343 nostras
1150 1277 1329 1340 in-barmn

162 1399 323 1465 maguum,
345 1400 428 1465 quae
449 1388 524 1444 ante
545 1390 671 1463 peream
692 1379 807 1446 domus
823 1380 1074 1464 hospitii-nestri
1092 1383 1225 1463 stabat,
1249 1398 1327 1464 qum

164 1487 438 1569 conduxeramus,
470 1486 678 1568 portavimus.
721 1485 764 1547 Et
784 1483 957 1547 valedictis
985 1485 1134 1549 omnibus
1169 1486 1217 1548 de
1249 1486 1325 1548 deno

162 1593 195 1654 in
217 1591 346 1657 beream
367 1589 604 1673 descendimus,
619 1598 652 1651 et
672 1608 731 1672 per
752 1589 867 1651 canale
888 1599 981 1655 extra
1000 1591 1113 1656 urbem
1124 1591 1323 1653 venetianus

163 1693 356 1774 rravigantes
397 1693 438 1756 ad
473 1692 630 1758 Sanctum
666 1693 838 1758 Nicolaum
880 1694 968 1758 alliiu
1009 1694 1244 1778 applicuimus.
1291 1693 1321 1756 llt

165 1796 318 1862 derelicto
336 1797 471 1860 custode
488 1817 593 1864 rerum
615 1799 648 1862 in
666 1799 764 1882 barca
786 1801 822 1862 iu
843 1799 1013 1863 ecelesiam
1033 1799 1184 1881 ingresi
1212 1814 1318 1862 sumus.

161 1903 223 1966 Est
243 1911 349 1975 autem
375 1903 534 1968 ecelesiae
554 1904 602 1968 illi
622 1903 745 1990 grande
766 1905 994 1971 monasterium
1021 1921 1193 1972 aurianum
1222 1920 1317 1966 mom·

162 2009 294 2073 chorum
326 2006 360 2068 S.
383 2006 559 2072 Benedicti.
603 2009 647 2072 Et
678 2010 826 2092 quaesivi
857 2011 1043 2092 sacristam,
1074 2017 1199 2092 puseus
1228 2009 1266 2070 alr
1288 2025 1317 2067 eo

160 2119 348 2196 paramenta
375 2110 550 2193 promissa,
581 2121 613 2173 et
634 2122 669 2176 ut
691 2113 732 2176 de
752 2113 876 2179 boocali
904 2116 979 2177 boni
1006 2113 1076 2176 viui
1108 2115 1316 2197 provisionem

161 2214 303 2299 laceret,
340 2222 467 2298 praeter
507 2217 618 2279 vinum
660 2218 828 2302 sacrificii,
847 2228 900 2294 „at
933 2219 967 2280 in
1007 2217 1100 2280 altari
1139 2218 1314 2282 eollomm.

161 2321 297 2388 lndutus
319 2337 396 2404 argo
428 2320 532 2382 saeris
553 2321 701 2386 vestibus
730 2325 859 2399 accessi
881 2332 913 2384 et
933 2323 1077 2384 Missam
1092 2320 1136 2384 de
1169 2322 1314 2384 dominica

159 2425 225 2508 legi
252 2426 481 2508 praesentibus
512 2427 702 2510 peregrinis.
744 2428 826 2490 Post
846 2428 991 2490 Missam.
1004 2428 1117 2488 vinum
1139 2425 1270 2490 allatum
1289 2428 1312 2488 ir

161 2530 286 2594 boccali
321 2529 472 2594 bmredixi
504 2531 728 2594 benedictione
759 2531 793 2594 S.
815 2531 993 2594 Johannis·
1012 2530 1313 2614 Evangelistse‚et

159 2633 306 2700 Dominis
325 2636 408 2698 meis
429 2637 608 2715 peregrinis
630 2645 740 2719 potum
760 2635 847 2718 dodi,
869 2653 1009 2698 amorem
1031 2632 1066 2697 S.
1088 2635 1249 2700 Jolrannis
1268 2654 1313 2720 pro

163 2739 251 2802 felici
281 2745 313 2796 et
343 2754 498 2818 prospero
530 2755 698 2803 successu.
741 2737 814 2817 Quo
843 2738 962 2809 devota
990 2747 1120 2821 peracto
1153 2741 1314 2824 reingressi

158 2857 272 2903 sumus
293 2841 327 2900 in
347 2839 495 2923 barcam,
534 2849 568 2903 et
589 2851 681 2906 extra
701 2854 827 2926 portum
858 2845 1068 2910 venatiannm
1101 2847 1314 2928 navigavimus

158 2962 218 3028 per
236 2941 375 3006 medium
398 2943 531 3012 duorum
555 2945 779 3032 castellorum,
800 2965 885 3031 quae
905 2947 1062 3014 claudunt
1079 2957 1206 3032 portum
1224 2951 1313 3014 illum.

159 3046 275 3113 Stabat
296 3049 380 3112 eninr
401 3045 497 3132 galea
518 3061 630 3115 nostra
645 3053 740 3134 quasi
757 3071 815 3134 per
832 3071 930 3118 unum
946 3053 1071 3118 miliaro
1090 3063 1181 3116 extra
1197 3065 1310 3138 portum

156 3153 191 3215 in
223 3151 313 3219 mari.
361 3152 462 3216 Porro
492 3155 595 3218 nobis
634 3156 865 3240 navigantibus
897 3159 1037 3222 surrexit
1073 3167 1191 3222 ventus
1228 3163 1312 3224 uehis

157 3257 299 3344 inutilis,
327 3269 359 3323 et
387 3258 647 3344 impedimentum
676 3262 853 3348 praestilit,
885 3265 931 3326 ita
962 3261 1049 3346 quod
1070 3266 1127 3325 vix
1146 3264 1178 3324 iu
1197 3264 1310 3328 duabus

157 3362 244 3435 horis
282 3385 355 3439 eum
388 3383 507 3449 magna
540 3365 733 3430 difficultate
768 3375 956 3449 poteramus
990 3365 1118 3450 galeam
1151 3369 1309 3452 attingere.

158 3463 302 3529 'landem
331 3480 442 3538 mutem
479 3490 552 3538 cum
586 3472 627 3536 ad
660 3489 731 3548 eam
767 3473 989 3555 venissemus,
1030 3471 1230 3553 ascendimus
1261 3493 1311 3558 per

154 3565 286 3649 gradum,
297 3586 432 3655 eamque
451 3574 580 3660 planam
597 3576 780 3655 bominibus
801 3563 988 3668 reperimus,
1006 3585 1039 3638 et
1052 3576 1160 3639 socios
1178 3587 1307 3662 nostros,

155 3686 238 3756 quos
260 3681 397 3753 quatuor
417 3679 488 3744 dies
511 3683 831 3771 antepraemisimns,
862 3679 989 3744 debiles
1016 3680 1209 3764 invenimus,
1238 3685 1306 3765 quia

156 3793 199 3838 ex
229 3783 399 3842 ventorum
436 3783 578 3866 impulsu
615 3791 711 3850 navis
746 3788 917 3852 contrariis
960 3788 1101 3852 motibus
1131 3787 1241 3868 optata
1269 3785 1304 3850 ad

154 3878 314 3947 anchoras
332 3878 447 3964 jacens
480 3903 537 3951 eos
567 3887 800 3954 debilitaverat.
844 3893 883 3954 ln
919 3900 1030 3974 nostro
1052 3899 1158 3954 lamen
1182 3899 1303 3972 aspectu

161 3981 324 4047 laetificati
345 3983 460 4048 melius
489 3987 608 4056 hahere
639 4003 832 4078 coeperunt,
868 4004 901 4060 et
923 3995 1072 4060 Dominis
1094 3993 1300 4058 amaritudines

155 4091 271 4173 maris,
294 4105 375 4175 quas
396 4088 556 4156 modicum
576 4092 673 4156 valde
693 4105 923 4182 gustaverant,
937 4093 1161 4162 'narraverunt
1189 4099 1299 4164 Eodem

153 4194 206 4258 dia
233 4199 360 4280 rogavit
389 4212 441 4258 ms
473 4194 602 4274 quidam
631 4195 746 4276 miles,
778 4207 815 4258 ut
848 4217 959 4266 secum
993 4203 1026 4262 in
1056 4201 1153 4266 barca
1175 4202 1294 4266 redirem
