2644 4786
728 151 791 216 iffi

177 355 280 406 semo.
290 333 421 418 Virgini
443 332 599 396 molestus
626 328 694 393 luit.
745 327 820 394 Neo
848 328 1062 394 credendum
1102 336 1159 390 est
1188 325 1288 408 poam

178 445 233 526 qni
253 439 480 504 deductionem
497 436 628 502 Domini
647 435 732 499 Jesu
754 435 933 518 depingunt
954 453 1041 498 cum
1068 449 1190 514 cruce,
1218 437 1249 492 et
1263 449 1297 512 qn

177 546 252 611 dam
273 546 497 627 percutientes
522 552 622 626 caput
641 541 790 624 Virginis
808 551 842 604 et
867 558 942 604 cum
965 539 1130 623 pedibus
1152 555 1222 600 eam
1241 533 1299 595 trudi

176 661 238 716 tes.
281 648 359 715 ldeo
389 643 624 714 attendendum
651 654 702 708 est
731 645 811 710 illud
840 647 988 709 Horatii:
1057 643 1251 728 pictoriuus
1275 649 1307 720 atq

176 757 282 842 poetis
303 753 468 840 quodlibet
489 753 628 818 audendi
647 769 777 835 semper
787 751 849 815 tuit
869 770 975 834 aequa
985 757 1179 835 potestas.
1201 747 1309 808 Ettmti

177 861 219 926 de
256 862 518 944 peregrinatione
557 857 766 922 beatissimae
798 857 963 940 Virginis,
995 872 1102 940 qnae
1145 853 1243 916 volui
1270 862 1316 910 nas

179 967 369 1050 evagatorio
390 966 546 1045 inserere,
567 973 605 1026 nt
624 963 776 1043 evagatio
795 979 868 1024 mea
888 961 1067 1050 rideretur
1091 959 1262 1041 majorem
1277 970 1317 1014 ere

179 1073 337 1140 sationem
355 1070 484 1132 habere.
507 1070 609 1152 igitur
631 1070 666 1130 in
676 1066 748 1131 loco
769 1068 970 1149 pausationis
982 1066 1226 1130 beatissimae
1236 1061 1274 1122 V'

181 1177 307 1240 Mariae
323 1173 529 1258 consedimus
552 1182 585 1236 et
605 1191 667 1236 nos
679 1171 721 1234 ad
750 1172 973 1254 respirandum
993 1181 1028 1234 et
1049 1166 1280 1254 pausandum

182 1284 360 1380 orationem
381 1281 427 1350 ilii
448 1279 580 1362 laetam,
596 1285 629 1340 et
650 1277 869 1360 indulgentias
890 1279 1103 1362 accepimns.
1132 1276 1208 1358 (fl

181 1529 239 1605 ⁰0
263 1527 448 1640 pyramide
482 1515 674 1636 Jo'saphat
697 1555 720 1604 a
742 1553 811 1632 qua
844 1538 923 1608 tota
936 1525 942 1535 ’
956 1525 1068 1608 vallis
1110 1517 1318 1602 denominat

609 1647 716 1727 vallis
740 1648 932 1753 Josaphat.

261 1832 294 1895 A
313 1831 384 1894 loco
398 1833 599 1914 pausationis
621 1833 828 1898 beatissimae
835 1832 982 1916 Virginis
997 1791 1137 1894 llariae
1162 1837 1321 1903 consequ

182 1947 233 2002 ter
254 1937 480 2004 descendimus
501 1957 606 2023 usqne
627 1938 669 2001 ad
691 1929 970 2040 montieradicea‚
975 1937 1061 2000 etad
1083 1935 1226 1998 montis
1247 1925 1321 1989 ιιί

182 2043 412 2108 descendimus
433 2049 547 2107 contra
570 2052 724 2128 anstrum,
753 2045 913 2107 habentes
930 2042 970 2106 ad
998 2043 1180 2105 sinistram
1211 2034 1318 2098 olivasUl

181 2157 333 2231 montem,
352 2147 393 2210 ad
414 2128 562 2212 dextram
583 2169 662 2213 vero
684 2157 857 2213 torrentem
879 2142 1019 2232 Cedron‚⁸
1040 2154 1074 2210 et
1093 2161 1212 2228 supra
1239 2141 1270 2200 in

182 2262 275 2350 parte
310 2253 462 2317 torrentis
499 2255 533 2316 ln
561 2263 672 2316 monte
712 2254 877 2317 civitatem
909 2237 1066 2317 sanctam.
1120 2254 1166 2314 h
1202 2245 1316 2308 desuem

182 2367 291 2423 autem
312 2359 462 2425 venimus
484 2357 526 2421 ad
536 2366 665 2440 pontem
686 2361 848 2444 torrentis,
858 2377 954 2442 quem
976 2367 1083 2421 tamen
1093 2349 1318 2440 praetorium

184 2463 449 2548 derelinquentes
477 2481 561 2526 eum.
612 2465 739 2526 Interea
777 2462 819 2525 ad
845 2464 980 2527 titulum
1010 2461 1189 2544 eujusdam
1228 2447 1315 2537 protis

185 2570 349 2653 sepulchri
368 2569 519 2632 venimus
540 2569 574 2629 in
595 2567 726 2631 modum
747 2571 844 2631 turris
868 2572 1014 2633 excisum
1036 2585 1091 2630 ex.
1103 2568 1243 2647 integra
1264 2561 1318 2638 petr

183 2678 312 2739 montis.
357 2673 542 2738 Incideruni
561 2674 645 2735 enim
666 2673 769 2755 ipsius
792 2675 907 2738 montis
936 2671 1213 2772 promontorium,
1232 2665 1315 2724 tantu

184 2789 272 2844 stare
294 2781 440 2844 sinentes
451 2787 602 2863 quantum
625 2776 666 2840 ad
683 2779 885 2860 pyramidem
902 2779 1091 2861 pertinebat,
1103 2794 1167 2859 per
1187 2767 1318 2836 circuitu

186 2904 298 2966 rupem
322 2885 510 2949 excidentes
533 2884 588 2966 ita,
609 2883 694 2966 quod
715 2885 858 2965 pyramis
880 2881 1043 2947 derelicta·
1059 2881 1131 2945 sola
1157 2887 1242 2957 stat,
1261 2864 1317 2933 ιιι

186 2995 275 3050 esset
299 3007 318 3050 a
341 2989 559 3052 fundamentis
586 2989 631 3052 ibi
667 2986 835 3050 aedificata
854 2998 925 3052 arte
946 2985 1303 3064 caementariorum,
1276 2992 1316 3038 ιιν

186 3103 295 3155 tamen
315 3090 357 3155 de
378 3112 458 3174 rupe
480 3095 600 3169 montis
621 3095 675 3176 sit,
697 3101 731 3156 et
752 3097 792 3156 ab
817 3097 910 3158 initio
935 3094 1044 3158 mundi
1065 3093 1112 3157 ibi
1132 3087 1264 3154 steterit.
1294 3076 1317 3138 it

185 3199 283 3264 habet
302 3205 486 3296 pergyrum
507 3201 651 3296 pyramis
671 3199 753 3261 haec
774 3199 856 3261 XVI
876 3201 1002 3271 cubitos
1015 3213 1164 3281 magnos,
1185 3204 1219 3259 et
1237 3180 1319 3264 inllll

187 3303 287 3368 altrum
319 3291 416 3369 habet
443 3305 525 3367 sorte
553 3313 639 3387 tres,
667 3313 700 3366 et
725 3303 823 3367 habet
844 3303 1029 3402 capitellum
1062 3310 1194 3365 acutum
1214 3307 1317 3368 ιιιιιι

186 3429 259 3474 cum
282 3411 421 3476 culmine
432 3394 517 3472 sicat
528 3415 646 3492 turres,
659 3415 694 3472 et
705 3410 765 3472 sub
778 3397 919 3472 culmine
937 3419 988 3474 est
999 3416 1123 3491 cavata,
1134 3413 1170 3468 et
1188 3405 1316 3468 tenete

186 3515 265 3577 suni
286 3517 420 3598 incisae,
442 3515 487 3579 ita
508 3513 625 3597 quod'
615 3533 649 3576 ιιι
671 3523 764 3597 parte
793 3514 963 3597 posteriori
995 3521 1104 3597 potest
1131 3511 1246 3594 aliquis
1267 3515 1316 3564 ru·

186 3625 318 3683 samse
346 3620 479 3689 trahens
500 3639 559 3703 per
580 3620 756 3682 fenestram
786 3621 820 3682 in
835 3622 956 3702 'ipsam
987 3615 1188 3701 pyramidem
1215 3617 1310 3676 intrim

186 3725 271 3788 siout
290 3733 324 3787 et
345 3724 486 3812 quodam
504 3723 557 3787 dio
588 3724 679 3788 solus
701 3725 848 3788 existens
869 3726 944 3806 foci,
965 3723 1083 3787 volens
1113 3718 1233 3802 videre,
1261 3703 1314 3798 quil

186 3837 277 3892 esset
295 3813 397 3892 intus.v
434 3820 527 3892 Haec
548 3829 692 3911 pyramis
716 3838 767 3892 est
800 3830 887 3893 iacta
914 3817 971 3914 pro
1009 3825 1180 3912 sepulchro
1210 3817 1311 3900 arimin

186 3933 296 4016 magni
310 3932 404 4014 'regis
426 3941 459 3994 et
479 3933 618 3996 hominis
640 3935 872 4018 potentis,'sed
892 3955 950 4018 pro
970 3954 1034 4019 quo
1055 3935 1101 3997 sit
1123 3930 1214 4011 facta,
1233 3923 1312 3992 ιιιίιι

187 4036 307 4101 dehoc
325 4042 402 4098 sunt
424 4037 640 4100 recitationes.
691 4035 830 4115 Quidam
853 4039 975 4118 dicunt,
997 4035 1084 4119 quod
1106 4033 1249 4098 Salomon
1273 4041 1308 4092 ιιι

186 4157 327 4223 sponsae
347 4155 428 4202 suae
448 4139 673 4220 aethiopissae,
695 4139 781 4203 filiae
797 4141 985 4222 Pharaonis,
1008 4157 1080 4202 eam
1101 4157 1158 4223 pro
1183 4139 1308 4222 sopntm

187 4246 219 4302 ei
241 4241 346 4310 excidi
368 4239 490 4318 iecerit,
511 4247 546 4307 ot
565 4241 650 4326 quod
671 4242 797 4330 ipsein
819 4261 861 4306 oa
880 4243 1009 4336 sepulta
1024 4242 1127 4317 faerit.
1148 4243 1223 4312 linio
1241 4243 1305 4313 etita
