2914 4850
766 124 788 184 4

187 309 312 374 Fratris
339 303 462 368 Felicis
480 302 569 384 justa
594 301 672 386 dici,
701 303 876 387 nominari,
912 311 945 366 et
968 319 1044 366 esse
1071 302 1180 367 statui.
1231 305 1304 370 Ex
1329 325 1379 392 qu

187 415 300 498 titulo,
335 408 471 474 materia
512 407 650 470 confusa
685 417 718 472 et
753 409 884 472 diversa
917 407 1008 494 libri,
1049 417 1082 472 at
1116 412 1379 496 compositionis

188 518 392 604 indispositio
417 521 448 576 et
472 512 638 576 distractio
660 521 854 596 patesceret.
868 546 884 567 a
1378 571 1379 576 ,

270 621 420 703 Accipite
444 635 533 700 ergo,
556 621 620 682 mei
642 618 922 702 desideratissimi,
943 621 1031 683 hunc
1052 621 1147 684 vobis
1165 611 1379 704 promissum

188 728 297 792 sratris
318 723 421 788 vestri
448 721 569 785 lt'elicis
589 725 839 808 Evagatorium,
876 733 909 786 et
930 743 989 806 pro
1011 724 1127 788 solatio
1149 726 1333 794 duntaxat
1352 732 1374 792 in

187 853 227 897 eo
249 831 359 913 legite.
390 827 465 890 Nec
485 828 571 891 enim
598 830 808 893 charitatibus
833 808 1119 919 vestrisqlibellnn'r
1140 832 1232 899 hunc
1261 834 1373 915 offerq

187 948 350 1020 tamquam
387 933 421 995 in
453 933 602 996 omnibus
644 935 861 999 authenticam
900 935 1093 1017 scripturam
1132 939 1372 1018 continentem,

185 1043 410 1120 examinatam,
432 1040 609 1123 probatam,
631 1040 874 1102 auctoritatibus
898 1040 1088 1124 roboratam,
1110 1049 1165 1103 aut
1182 1043 1372 1106 rationibm

186 1151 363 1229 firmatam,
392 1152 429 1206 nt
449 1145 484 1208 in
506 1165 545 1208 eo
565 1145 714 1228 vigilanti
734 1143 841 1206 studio
874 1144 1049 1226 legendum
1080 1146 1123 1206 sit
1143 1149 1371 1228 tamquamin

186 1251 357 1337 scripturis
388 1249 619 1312 illuminativis.
662 1249 730 1313 Sed
759 1250 853 1315 vobis
890 1268 963 1312 eum
1001 1250 1123 1335 tribuo,
1154 1259 1191 1311 ut
1218 1259 1377 1333 tempora

185 1356 387 1424 remissionis
399 1355 621 1417 fructuosioris
630 1354 729 1416 studii
740 1363 772 1416 et
783 1355 1006 1418 vacantiarum
1024 1355 1139 1418 diebus
1153 1374 1213 1436 pro
1226 1357 1377 1420 vitando¹

187 1465 252 1529 otio
274 1471 309 1524 et
333 1458 533 1522 recreatione
564 1459 746 1541 sumendas
769 1477 843 1522 cum
870 1459 965 1522 hilari
989 1459 1194 1542 jucunditate
1216 1479 1323 1544 eum,
1345 1462 1368 1522 si

186 1576 303 1642 vacat,
335 1565 461 1648 legatis.
507 1564 611 1647 Spero
644 1572 768 1648 autem,
802 1565 889 1649 quod
919 1565 1043 1628 inutilis
1075 1585 1140 1642 non
1170 1566 1232 1628 erit
1265 1566 1377 1648 hujus¹

183 1671 373 1756 Evagatorii
394 1669 500 1752 lectio,
523 1687 596 1731 oum
618 1671 714 1733 etiam
737 1687 798 1734 res·
811 1688 946 1753 prorsus
969 1670 1141 1752 fabulosas¹
1184 1733 1186 1735 ,
1208 1669 1377 1758 fictiones}

184 1781 329 1864 politicas
351 1775 392 1838 ad
413 1773 593 1856 profectum
615 1775 730 1836 sabaitis
752 1785 883 1838 vestrae
904 1775 1017 1837 sciatis
1039 1784 1148 1858 ratorq
1172 1792 1236 1836 ere.
1286 1775 1364 1838 Scio

185 1886 270 1947 enim
305 1888 451 1944 vestrum
480 1887 545 1942 tarn
578 1879 758 1942 ordinatum
791 1879 961 1962 allectum,
1001 1891 1036 1944 nt
1070 1900 1136 1943 non
1165 1879 1274 1944 solum
1311 1899 1363 1943 res

185 1987 328 2080 graqdes
350 1994 383 2048 et
403 1993 498 2066 gesta
519 1993 634 2047 sancta
654 1987 721 2047 sint
741 1987 837 2049 vobis
852 1986 1007 2049 virtutum
1026 1987 1170 2066 materia,
1183 1985 1244 2046 sed
1262 1987 1363 2048 etiam

183 2113 236 2157 ras
248 2110 372 2176 parvae
384 2099 415 2152 et
432 2090 580 2174 exigrrae,
603 2099 635 2152 et
657 2091 743 2152 facta
766 2075 993 2173 puerilia‘sint
1012 2093 1107 2156 vobis
1129 2089 1360 2152 aedificatoria.

183 2199 262 2262 Ideo
284 2195 455 2258 audentius
486 2195 570 2257 inter
591 2213 710 2278 magna
732 2204 764 2258 et
784 2215 880 2279 vera,
914 2205 1029 2264 sancta
1051 2205 1085 2257 et
1105 2197 1245 2278 seriose,
1272 2214 1360 2258 non-

183 2321 357 2394 numquam
371 2301 492 2363 inserni
506 2302 651 2384 puerilia,
667 2303 864 2386 apocrypha,
878 2310 910 2364 et
923 2303 1072 2383 facetias,
1084 2321 1157 2364 oum
1177 2302 1358 2366 intentione

182 2419 289 2472 tamen
315 2425 489 2490 numquam
499 2399 620 2490 'falsa,
643 2417 698 2470 aut
726 2405 912 2491 mendacia,
942 2416 998 2469 aut
1008 2405 1266 2495 irrationabilia,
1301 2418 1377 2470 ant¹

181 2533 295 2578 sacrae
312 2516 493 2600 sculpturae
511 2513 681 2593 contraria,
696 2511 861 2592 valdonis
877 2512 1020 2574 moribus
1034 2530 1102 2600 ¹non
1119 2510 1353 2573 convenientia

182 2618 269 2697 Quin
300 2621 364 2682 imo
402 2635 468 2678 non
496 2615 692 2677 mediocrem
720 2614 918 2677 intellectum
950 2633 1066 2678 sacrae
1094 2615 1288 2696 scripturae,
1325 2624 1354 2677 at

180 2725 351 2805 multarum
367 2717 610 2799 ambiguitatum
621 2717 715 2788 ,dabit
732 2698 829 2797 hujris
842 2721 1020 2802 evagatorii
1039 2719 1147 2801 lectio,
1164 2725 1196 2780 et
1213 2717 1353 2782 animum

182 2825 411 2906 admirantem,
433 2830 465 2882 ot
490 2829 630 2907 rudem
653 2822 814 2884 curiosam
835 2825 869 2885 in
891 2825 1003 2887 multis
1025 2823 1189 2907 quietabit.

263 2929 364 2991 Porro
403 2926 572 2989 distantias
613 2927 770 2991 locorum·
797 2937 830 2991 et
868 2927 1101 3010 longitudinem
1144 2929 1282 3010 viarum,
1319 2939 1352 2992 et

180 3052 347 3098 nnmerum
377 3030 557 3095 milliarium
582 3050 640 3114 per
666 3041 769 3095 terras
792 3042 824 3095 et
846 3035 948 3096 maria
969 3033 1059 3105 nolui
1080 3033 1201 3116 ubique
1220 3051 1349 3118 ponere,

179 3148 311 3224 propter
343 3153 481 3218 magnas
511 3126 736 3222 diversitates,
774 3156 857 3221 quas
885 3139 992 3221 reperi
1022 3137 1062 3200 de
1091 3139 1208 3202 hocin
1233 3137 1349 3201 libellis

179 3244 332 3325 militum,
347 3250 399 3304 'et
427 3250 557 3325 propter
593 3241 852 3305 incertitudinem
888 3243 977 3306 illins
1013 3243 1276 3326 mensurationis,
1314 3253 1348 3306 et
1378 3253 1379 3272 ¹

179 3358 311 3433 propter
335 3347 598 3431 inaequalitatem
617 3347 808 3410 milliarium.
853 3347 941 3410 Nam
962 3367 1020 3432 par
1039 3367 1131 3425 mare
1153 3366 1217 3410 non
1239 3355 1345 3430 potest

180 3453 293 3517 haberi
326 3453 484 3517 certitudo
516 3453 556 3516 de
586 3471 719 3515 numero
748 3450 949 3532 milliarium,
982 3454 1045 3516 nisi
1075 3461 1187 3517 assent
1221 3470 1344 3534 semper

181 3558 336 3642 aequales
356 3560 466 3636 venti,
487 3561 563 3642 quia
585 3577 659 3623 cnm
680 3576 744 3622 nno
766 3566 865 3622 vento
885 3568 995 3642 potest
1015 3561 1111 3622 navis
1132 3569 1191 3640 par
1211 3557 1341 3640 aliquem

179 3663 286 3726 locum
307 3663 343 3729 in
360 3663 463 3726 tribus
485 3663 599 3726 diebus
621 3665 790 3749 attingere,
812 3664 854 3726 ad
877 3683 973 3749 qoem
993 3683 1066 3728 eum
1087 3663 1150 3726 alio
1163 3671 1257 3748 vento
1277 3681 1340 3726 non

180 3783 314 3851 possum
336 3768 369 3832 in
391 3769 494 3831 tribus
516 3769 706 3852 septimanis
726 3772 914 3853 pervenire,
937 3771 1022 3834 siout
1043 3769 1124 3831 ratio
1145 3766 1248 3830 diotat.

261 3871 336 3934 Nae
356 3871 397 3933 de
420 3875 598 3958 quantitate
613 3891 828 3958 expensarum
843 3877 1014 3959 quiequam
1032 3874 1138 3958 posui,
1157 3873 1230 3957 qnia
1248 3872 1335 3938 etiam

180 3995 246 4042 non
278 3978 454 4061 aequaliter
495 3980 643 4043 omnibns
675 3981 872 4063 temporibus
902 3981 1005 4064 eadit,
1040 3997 1103 4041 nee
1135 3978 1276 4042 thelanea
1303 3986 1335 4040 at

180 4084 344 4145 cnrtttsiae
375 4081 448 4166 (B)
471 4081 652 4168 Garrfragia
664 4129 675 4170 ,
697 4082 882 4169 Gnudagia,
905 4095 939 4148 et
957 4084 1102 4166 Pedagia
1123 4101 1248 4167 semper
1264 4092 1333 4145 sunt

180 4187 344 4273 aequalia,
375 4187 435 4250 sed
464 4208 553 4254 nnnc
583 4190 676 4274 plns,
709 4208 794 4256 nnnc
834 4190 940 4256 minus
972 4190 1126 4276 exigtmt,
1159 4198 1193 4254 et
1218 4191 1329 4274 patroni
