2608 4842
723 91 787 158 att

172 277 313 344 omnium
335 275 565 360 discipulorum
585 276 853 358 praenunciavit:
875 289 1063 339 sermonem
1087 273 1284 339 tucinam

174 381 306 468 longum
329 381 418 465 lecit,
431 390 464 445 et
484 380 632 444 ultimum
640 379 727 444 Vale
746 380 800 445 his
820 381 891 444 suis
909 379 1085 464 discipulis
1095 399 1240 465 pacem
1256 399 1288 442 rt

175 489 278 574 Igitur
299 505 373 551 cum
405 488 492 574 eirea
521 487 626 549 loouin
659 484 748 548 illum
770 487 879 548 omnia
903 486 1163 568 perfecissemus
1201 497 1292 552 mm

175 591 333 678 legendo,
362 607 447 676 qnae
477 593 607 675 signata
641 598 734 652 erant
763 591 796 651 in
827 592 1064 672 processionali
1088 594 1293 676 peregrina

173 711 283 770 ¹terrae
304 705 449 779 sanctae,
470 714 543 760 eum
563 695 741 778 gratiarum
762 695 892 758 actione
922 697 1132 760 recessimus.
1194 698 1298 758 Halo

175 804 261 868 enim
274 799 538 889 processionalis,
550 800 664 882 libelli,
682 800 849 881 inquibus
871 817 984 862 omnes
1000 802 1171 884 versiculi,
1195 801 1298 866 eone

174 908 380 993 responsoria
408 907 579 990 signantur
607 910 643 967 et
671 904 784 986 hymni
812 911 846 966 et
873 905 989 987 psalmi
1023 907 1115 970 circa
1142 907 1233 970 loen
1273 932 1291 959 2-

174 1013 315 1098 legenda
337 1018 372 1074 et
392 1009 554 1074 cantanda
575 1029 633 1093 per
658 1009 766 1072 omnia
784 1007 856 1072 loca
866 1013 1110 1076 transmarinae
1119 1031 1225 1096 pere
1262 1012 1271 1024 '

175 1120 291 1184 nionis.
334 1119 389 1179 De
405 1115 458 1178 laia
484 1113 603 1188 libellis
624 1131 687 1197 ego
709 1116 893 1197 comparavi
913 1133 1014 1180 unum
1030 1135 1094 1201 pro
1115 1136 1178 1201 rne,
1201 1135 1285 1199 que

171 1211 223 1288 ¹fui
247 1225 280 1290 in
300 1223 383 1288 locis
403 1220 535 1284 sanetis.

473 1384 587 1462 Lotio
612 1385 747 1490 pedum
767 1385 818 1463 ibi
840 1386 909 1465 mit
932 1387 1045 1464 sacta.

257 1567 312 1631 Ad
336 1565 392 1632 illo
410 1567 483 1633 loco
502 1569 545 1634 ad
566 1569 711 1635 dextram
733 1579 857 1654 partem
876 1571 967 1634 chori
981 1571 1158 1656 ulteriusp
1183 1571 1287 1625 nm?

174 1692 247 1738 eum
261 1675 409 1738 cautibus
431 1674 473 1738 ad
494 1675 679 1739 mandatum
701 1678 735 1738 in
757 1674 810 1739 ‹lie
830 1695 952 1739 coenae
973 1677 1102 1738 cantari
1126 1675 1295 1740 consuetis

175 1780 217 1844 ad
240 1779 346 1842 locum
368 1797 496 1842 sacrum
518 1781 679 1864 venimus,
699 1781 733 1843 in
753 1800 818 1865 quo
839 1781 998 1844 Dominus
1020 1781 1131 1844 Jesus
1151 1781 1226 1844 lavit
1259 1810 1264 1829 .

174 1905 304 1952 anomm
325 1885 554 1969 discipulorum
566 1895 641 1968 post
663 1905 807 1952 coenam.
829 1889 867 1948 In
888 1886 952 1948 hoo
972 1893 1026 1948 est
1049 1885 1157 1948 altare
1177 1883 1223 1966 pul
1254 1912 1260 1937 ι

176 2001 254 2054 aute
275 1991 360 2074 quod
371 1992 523 2072 prostrati
542 1992 648 2056 locum
660 1991 936 2073 deosculabamnr,
958 1997 991 2052 et
1012 1989 1229 2074 indulgentias
1250 2001 1300 2045 aer.

175 2090 375 2174 pimus(††).
398 2094 465 2157 Sed
476 2114 591 2178 precor
604 2105 637 2158 te
658 2095 775 2159 dilecte
796 2096 977 2179 peregrine,
995 2103 1032 2157 ut
1050 2113 1118 2158 nee
1140 2097 1180 2157 ab
1199 2094 1254 2156 hoo
1272 2091 1301 2147 lat

175 2194 326 2260 discedas
348 2200 420 2262 sine
441 2202 574 2283 praevia
593 2201 871 2284 contemplatione.
914 2199 1002 2263 Vide
1033 2209 1069 2263 et
1098 2193 1300 2264 considerat

175 2304 369 2386 stupendum
384 2314 515 2389 gestum
533 2308 707 2389 negotium.
729 2306 816 2369 Nam
837 2306 900 2369 Dei
920 2305 1008 2370 iilius
1026 2314 1167 2368 aeterna
1187 2301 1301 2366 dir-ind!

175 2418 292 2490 potens
314 2418 347 2472 et
378 2412 537 2494 genitoris
558 2412 675 2474 mentis
695 2410 932 2494 pulchritudine
950 2409 1099 2492 pollens,
1126 2412 1182 2493 qui
1201 2409 1294 2471 unire

174 2514 262 2577 nullo
285 2516 461 2598 opitulante
478 2515 624 2580 subsidio
637 2515 780 2578 condidit
802 2525 833 2578 et
846 2499 1021 2598 decoravit,
1043 2515 1098 2577 cui
1110 2534 1207 2577 omne
1224 2509 1297 2574 eorl:¹

174 2627 209 2679 et
229 2620 307 2700 vagi
326 2620 493 2682 stellamm
514 2630 620 2684 motus
638 2622 829 2704 inserviunt,
851 2622 912 2684 sub
934 2639 1015 2704 quo,
1040 2629 1079 2682 ut
1108 2621 1157 2681 ait
1180 2617 1244 2698 Jol,
1263 2631 1292 2673 r:

176 2729 305 2803 vantur,
327 2725 383 2803 qui
403 2729 662 2809 portautprbem,
684 2724 826 2789 divinam
853 2724 1056 2787 altitudinem
1079 2723 1167 2787 adeo
1189 2721 1286 2785 metm·

175 2834 275 2906 atque
295 2824 426 2890 deflexit
446 2828 500 2891 hie
520 2829 554 2891 in
578 2831 633 2894 illo
655 2831 743 2914 loeo,
773 2839 812 2893 nt
844 2829 946 2912 pedes
979 2827 1183 2907 immundos,
1204 2821 1296 2889 loetidr

175 2929 303 2993 lutosos
325 2929 564 3016 discipulorum,
586 2936 804 3020 servulorum,
816 2936 1022 3017 piscatorum,
1033 2941 1236 3016 peccatorum
1250 2937 1283 3006 rt,

176 3031 371 3119 proditorum
383 3041 454 3102 suis
466 3039 538 3124 ipse
549 3041 697 3104 manibus
709 3039 846 3104 dilueret
857 3041 892 3105 in
903 3039 1151 3104 saluberrimum
1163 3033 1297 3118 exemplu

176 3201 237 3281 De
261 3202 416 3330 loco,1n
443 3227 515 3306 quo
539 3205 672 3282 missua
698 3205 768 3282 luit
792 3205 954 3308 Spiritus
985 3212 1138 3282 sanctus
1161 3205 1198 3280 Α
1229 3234 1251 3269 ι
1264 3228 1296 3261 ¹

562 3305 600 3382 in
625 3303 687 3382 die
709 3306 965 3384 Pentecostcs.

260 3445 511 3532 Consequenter
537 3448 660 3532 incepit
685 3457 798 3512 centor
825 3450 981 3534 hymnum
1006 3433 1300 3531 jocundissimml

176 3548 313 3612 canticis
343 3548 452 3634 Syon:
487 3555 573 3623 Veni
603 3560 730 3617 creator
758 3551 918 3637 Spiritus,
947 3561 1074 3617 mentes
1097 3559 1163 3618 etc.
1202 3549 1290 3611 tlt-12

176 3651 232 3716 illo
260 3663 358 3718 centu
394 3660 521 3739 egressi
551 3659 670 3723 inimus
699 3655 740 3719 de
778 3639 919 3721 ecclesia
949 3659 982 3721 in
1014 3663 1208 3720 conventum
1241 3669 1294 3711 am

177 3757 346 3841 ambitum,
368 3761 445 3841 quia
464 3766 536 3847 ipse
556 3765 675 3830 chorus
698 3771 731 3825 et
753 3762 894 3826 eeclesia
916 3772 992 3827 sunt
1013 3779 1113 3844 supra
1134 3759 1196 3822 alia
1215 3753 1281 3820 halit

177 3861 252 3924 cula
281 3861 468 3951 aedificata,
497 3868 545 3931 ita
576 3867 662 3953 quod
689 3866 832 3952 undique
864 3887 924 3952 per
956 3865 1077 3949 gradus
1113 3866 1147 3928 in
1175 3860 1300 3926 ecclesa·

177 3965 381 4050 ascenditur,
410 3977 443 4033 et
475 3970 516 4034 de
537 3975 679 4038 ecelesia
699 3991 798 4057 supra
825 3972 1021 4038 testudinem
1044 3969 1178 4034 claustri
1195 3967 1278 4031 val

177 4071 264 4134 bitus
286 4073 441 4134 circuitur
461 4091 520 4153 per
541 4085 609 4139 tres
629 4087 739 4160 partes
761 4078 885 4162 quadri.
919 4077 997 4141 Non
1019 4076 1104 4140 enim
1127 4075 1216 4138 habet
1234 4065 1298 4134 mli

178 4179 234 4234 tus
255 4173 319 4234 uisi
339 4179 408 4234 tres
429 4182 558 4259 partes,
578 4186 612 4241 et
632 4191 747 4260 quarta
773 4201 851 4266 pars
873 4189 924 4246 est
945 4179 1106 4246 ecclesiae
1127 4195 1234 4242 murus.
1265 4169 1295 4232 St

57 4402 195 4513 Α.
