2772 4786
732 113 794 180 tat

178 288 246 362 ‘sen
267 295 446 378 strident,
477 313 558 358 vasa
584 297 673 380 ipsa,
703 301 733 359 st
762 305 915 396 possunt,
947 307 1106 380 rumpunt.
1150 298 1349 382 Accepimus

179 403 277 466 etiam
309 402 343 464 in
375 400 526 464 moestos
563 410 692 464 nostros
722 419 853 464 caseum
884 411 917 464 et
955 403 1118 466 arefactas
1149 403 1191 466 ad
1226 404 1348 468 fumum

179 525 315 590 carnes,
337 515 370 570 et
390 507 543 569 flasculas
563 514 702 588 nastros,
724 515 757 568 et
778 507 886 569 omitia
906 517 1019 570 trustra
1038 505 1117 589 (75
1128 508 1182 586 A)
1199 511 1348 592 peregri-

170 612 283 694 ·nalia,
304 619 338 673 eo
371 609 413 672 de
442 613 552 674 cantra
579 612 772 694 iupupplru
801 611 1016 674 ascendimus.
1060 613 1112 676 Ile
1138 614 1237 695 puppi
1268 631 1349 676 vcro

179 719 212 779 in
233 719 362 781 barcam
385 715 621 800 descendimus,
643 727 674 778 et
697 724 808 778 contra
829 725 947 779 terram
968 726 1115 780 sanctam
1133 719 1295 799 navigare
1316 719 1349 780 iu

180 824 342 906 oepimoS,
373 829 406 883 et
436 839 508 884 curn
543 821 662 904 gaudio
694 839 811 904 magno
843 820 917 884 altis
954 821 1090 884 vocibus
1122 823 1344 886 centenimus:

82 946 86 952 ·
179 927 227 1006 Sta
250 926 361 996 balteo
392 925 531 1010 dobunt
560 927 666 1010 {abaco
695 925 772 1009 tola,
804 926 895 1009 letne
927 925 1060 996 &nabeo
1082 944 1119 994 rt.
1154 935 1191 988 ut
1210 927 1347 990 habetur

178 1031 234 1096 iol.
269 1032 317 1095 10.
360 1033 457 1094 Hunc
489 1027 594 1092 autem
630 1039 758 1094 cautum
787 1041 931 1094 nostrum
963 1049 1027 1094 uun
1060 1041 1208 1115 poteraut
1237 1032 1347 1095 audire

177 1138 351 1201 Samaceni
372 1138 405 1198 iu
426 1135 537 1217 litore,
567 1135 643 1218 quia
671 1135 755 1197 inter
776 1135 991 1200 nesea-litus
1014 1148 1105 1202 erant
1126 1136 1254 1220 scopuli
1275 1138 1349 1199 An-

178 1242 366 1325 dromedae,
388 1243 421 1304 iu
443 1241 559 1324 quibus
587 1253 675 1303 luere
698 1259 814 1323 magno
836 1241 1109 1325 fremitu'suevit,
1143 1252 1175 1306 et
1190 1249 1350 1305 'souaoet

178 1353 240 1413 lroc
271 1367 351 1411 sono
374 1337 491 1410 nostor¹
516 1355 635 1408 cautus
660 1365 724 1408 uon
755 1345 953 1410 audiebatur.
998 1348 1159 1411 Venimus
1185 1355 1296 1410 auteui
1313 1347 1349 1409 iu

179 1457 269 1537 ipsos
288 1451 449 1536 scopulos,
463 1452 598 1513 saintet
616 1451 814 1536 scyllas‘per
830 1453 1005 1516 stridentes
1022 1451 1126 1518 nudas
1141 1460 1349 1514 transeuntes

178 1579 262 1643 aqua
284 1557 408 1639 perfusi
436 1565 468 1617 et
486 1557 615 1619 *madidi
637 1557 713 1619 laeti
751 1564 876 1638 raptum
908 1557 1135 1620 naviculaeet
1165 1557 1347 1620 allisionem

178 1665 211 1728 in
235 1676 348 1747 rupes,
379 1677 469 1746 quaet
484 1663 678 1745 mutabatur,
707 1663 889 1745 evasimus,
912 1673 945 1724 et
965 1681 1069 1746 usque
1089 1663 1131 1725 ad
1152 1663 1230 1725 litus
1250 1663 1347 1724 ueni-

178 1786 252 1832 mus
277 1777 310 1830 et
329 1767 372 1830 de
390 1767 544 1830 navicula
578 1769 704 1851 egressi
725 1785 847 1830 sumus.
891 1767 1008 1830 Statim
1030 1777 1136 1830 autem
1158 1777 1193 1829 ut
1215 1769 1347 1830 hum

179 1883 326 1940 sanctam
357 1871 492 1954 pedibus
524 1875 643 1935 nostris
673 1873 886 1955 calcavimus,
918 1875 1010 1957 proui
1038 1875 1071 1934 iu
1093 1874 1195 1936 iacies
1217 1881 1349 1935 nostrus

178 1979 365 2062 cecidimus,
382 1987 414 2040 et
435 1987 553 2040 terram
572 1987 719 2040 sanctam
742 1995 813 2041 cum
836 1981 960 2062 ingenti
975 1978 1348 2042 «devotionedmentati

180 2102 304 2153 sumus.
345 2083 382 2144 ln
403 2085 480 2166 ipso
502 2101 583 2147 vero
604 2093 754 2146 contactu
775 2093 880 2147 terrae
899 2083 1102 2146 benedictae
1128 2084 1348 2166 indulgeudus

178 2191 344 2275 pmnariae
365 2189 563 2254 rentsstonts
592 2191 791 2280 accepimus,
819 2207 903 2274 quae
924 2191 1017 2272 signo
1043 2190 1099 2252 tali
1121 2189 1203 2273 (ils)
1226 2207 1347 2252 conse-

180 2305 315 2379 quenter
327 2295 471 2357 denotari
486 2295 640 2357 ordinari,
663 2295 750 2357 Nam
767 2296 951 2378 ubicunque
968 2296 1097 2379 ponitur
1106 2311 1185 2358 crux
1196 2294 1346 2376 siumlex,

176 2403 221 2467 ibi
242 2411 292 2464 est
313 2399 513 2484 lrrdulgsntia'
545 2402 727 2483 septennis:
762 2401 818 2463 ubi
839 2421 917 2464 vero
946 2403 1074 2484 ponitur
1105 2419 1184 2467 crux
1206 2400 1346 2482 duplex,

178 2516 228 2572 cst
248 2507 448 2590 indulgencia
467 2505 631 2588 plenariae
651 2508 851 2570 remissionis
872 2525 893 2568 a
913 2525 1017 2590 poena
1036 2515 1072 2568 ‘et
1092 2525 1112 2568 a
1133 2507 1237 2590 culpe,
1260 2507 1348 2568 sicul

177 2615 268 2678 solet'
295 2613 374 2676 diois
402 2617 444 2672 et:
467 2613 569 2692 prima
599 2626 680 2674 crux
714 2613 889 2697 significat
905 2611 1138 2695 indulgentiam
1165 2611 1347 2694 culparum,

178 2717 323 2782 secunda
346 2734 428 2780 voro
455 2714 670 2798 indulgentias
699 2737 882 2800 paenarum.
926 2717 1035 2780 Finita
1062 2735 1139 2799 ergo
1169 2717 1346 2800 gadarum

178 2826 305 2886 actione
338 2823 378 2884 de
392 2833 397 2841 ·
410 2821 503 2881 alveo
536 2822 633 2907 maris
659 2823 864 2886 ascendimus
896 2839 1025 2886 sursum
1057 2841 1116 2905 per
1153 2832 1347 2904 praeruptas

177 2944 285 3010 rupes,
302 2927 418 3010 quibus
440 2937 528 2988 mare
547 2927 591 2988 ibi
611 2929 752 3010 cingitur
773 2937 805 2991 et
827 2947 884 2991 ora
904 2927 1012 3010 pelagi
1034 2935 1127 3010 septa
1149 2935 1208 2988 est.
1230 2925 1346 2990 Stabat

177 3042 284 3096 autern
311 3031 462 3112 superius
489 3031 585 3094 Pater
607 3031 792 3096 Gordianus
824 3035 942 3096 montis
972 3029 1065 3116 Syos
1091 3041 1123 3092 et
1143 3033 1195 3094 sui
1224 3031 1344 3096 llalres

178 3154 252 3202 cum
273 3137 447 3220 praelectis
469 3145 575 3198 terrae
612 3147 645 3200 et
674 3139 855 3201 senioribus
878 3137 1131 3201 sarracenorum
1152 3145 1187 3199 et
1206 3137 1346 3200 Maure-

149 3227 247 3309 ·rum
269 3259 342 3304 cum
374 3241 545 3326 scriptore,
574 3251 606 3305 et
628 3244 673 3305 ita
694 3243 922 3307 ordinaverant
946 3261 985 3306 se
1011 3245 1050 3306 ab
1079 3253 1214 3326 utraque
1236 3252 1345 3325 parte,

175 3348 264 3433 quod
282 3364 342 3431 per
358 3347 497 3411 medium
516 3363 625 3410 eorum
647 3350 784 3411 transire
804 3350 999 3433 peregrinos.
1015 3361 1154 3412 necesse
1171 3357 1260 3411 erat:
1282 3366 1346 3410 uec

176 3455 241 3518 (luo
260 3454 421 3538 peregrini
442 3454 538 3516 sirqu
571 3463 718 3536 poterant
747 3456 902 3538 transire,
933 3451 994 3516 sed
1004 3469 1099 3518 maus
1129 3461 1204 3536 post
1223 3452 1345 3538 alium3

176 3577 241 3620 non
275 3567 382 3620 amem
409 3559 559 3624 sinebant
601 3579 661 3624 nos
692 3561 830 3624 transire
872 3562 1045 3642 constitue,
1082 3559 1142 3622 sed
1168 3559 1347 3640 quemlibet

175 3665 346 3746 tenebant,
377 3671 410 3725 et
432 3665 767 3748 contemnebantur,
790 3685 828 3730 ac
860 3680 977 3728 nomeu
1009 3683 1103 3730 suum
1125 3664 1290 3747 proprium
1312 3673 1345 3726 et

174 3769 276 3852 patris
308 3770 359 3831 sui
388 3789 504 3832 nornen
542 3771 762 3856 requirebant,
797 3781 829 3834 et
856 3773 994 3855 scriptor
1027 3771 1119 3836 ambo
1151 3769 1281 3832 nomina
1309 3769 1345 3831 iu

173 3873 304 3956 scriptis
326 3872 499 3957 redigebat.
522 3873 644 3938 Nescio
660 3886 766 3940 antem
783 3895 879 3960 quam
900 3875 1123 3939 difficultatem
1140 3876 1204 3937 boe
1222 3889 1344 3937 nomen

175 3979 268 4042 Flelix
287 3980 322 4040 in
351 3997 460 4042 eorum
483 3980 594 4062 lingua
616 3981 709 4044 lacit:
732 3984 808 4064 quia
839 3991 904 4044 lam
926 3981 959 4044 in
982 3981 1093 4065 altera,
1115 3997 1212 4064 quam
1230 3977 1267 4041 iu
1288 3977 1346 4041 illa

173 4087 432 4169 peregrinatione
471 4083 663 4167 aliquotiens
699 4087 865 4169 oportebat
905 4105 958 4150 me
996 4087 1045 4148 eis
1083 4086 1197 4170 ipsum*
1223 4101 1344 4148 nomen

174 4190 346 4274 replicare,
369 4198 528 4252 ettamen
550 4207 612 4253 nec
634 4193 827 4274 exprimere,
849 4209 911 4256 nec
930 4193 1075 4255 scribere
1096 4199 1256 4276 poterant,
1281 4191 1344 4254 uisi

1379 1061 1381 1070 t

1378 2269 1381 2278 ι

1375 3618 1381 3638 2

1376 3915 1381 3924 x

1374 4215 1381 4226 ,

1377 4229 1381 4239 A

1377 4251 1381 4352 l
