2792 4778
622 193 683 258 tot

71 371 205 455 spirans
227 371 269 435 de
290 372 491 438 infantilibus
512 376 664 440 membris
682 377 773 461 pueri
794 375 894 459 lesu,
916 387 955 458 at
977 376 1018 442 de
1039 366 1242 462 castissimae

73 478 188 540 matris
210 477 438 562 ejus'ccrpore
460 477 660 544 derelictus?
690 481 789 544 Forte
810 483 946 564 contigit
959 483 1027 574 ,tibi
1047 485 1131 548 sicut
1160 505 1240 551 ava·
1320 561 1322 566 ,

72 582 203 645 rissimo
235 582 343 646 Juda'e
371 581 544 666 proditori,
578 587 696 666 quiex
723 586 919 650 suavissimo
947 588 1052 652 'odore
1085 595 1240 673 unguenti

72 687 172 749 effusi
202 706 301 771 super
328 697 425 770 caput
456 686 555 769 iesu,
588 706 653 771 quo
682 697 749 752 tota
779 689 892 753 domus
920 692 1051 774 impleta
1080 696 1242 779 scribitur,

72 794 181 873 magis
210 793 271 855 fuit
307 801 537 875 exasperatus,
579 793 733 875 incensus
781 801 815 856 et
846 803 1025 858 commotus
1061 815 1166 880 usque
1198 795 1240 863 ad

71 895 221 977 magistri
242 895 293 958 sui
313 895 530 959 venditionem
557 905 589 958 et
617 894 871 960 crudelissimam
901 897 1112 962 traditionem.
1155 903 1239 966 Pro-

72 999 177 1080 fecto,
200 1007 386 1081 suspectum
407 1008 441 1062 te
471 1001 594 1082 habeo,
625 997 712 1082 quod
733 1001 763 1063 si
783 1008 927 1085 tempore
949 1003 1043 1069 trium
1066 1005 1239 1088 Magorum

70 1101 244 1185 nituisses,
266 1121 399 1166 munera
419 1104 528 1168 oblata
550 1104 673 1167 furatus
695 1103 827 1188 larissea,
848 1115 880 1168 et
902 1124 1036 1188 puerum
1056 1110 1236 1199 parvulum,

70 1215 207 1268 matrem
228 1209 446 1292 tenerrimam,
465 1207 592 1292 doscph
616 1210 872 1292 pauperrimum,
893 1211 965 1272 sine
988 1214 1184 1277 verecundia
1205 1226 1237 1282 et

68 1314 169 1372 venia
190 1310 411 1394 spoliasses,'
414 1311 491 1376 Sed
513 1313 591 1397 quid
611 1315 739 1398 longius
761 1334 885 1397 moror,
909 1315 1026 1380 lurtum
1048 1325 1138 1381 tuum
1159 1289 1237 1384 nilril

69 1425 168 1478 nocet
188 1416 340 1500 parvulo,
370 1419 531 1501 quianon
566 1406 688 1482 tontum
715 1417 782 1500 jam
804 1420 937 1482 veniunt
959 1407 1147 1488 oboriente
1168 1431 1238 1522 tres

70 1537 169 1602 reges
190 1521 302 1604 semel,
328 1521 387 1584 sed
408 1522 498 1585 multi
523 1524 684 1584 turmatim
706 1523 769 1586 hue
789 1531 920 1586 currunt
943 1542 963 1586 a
983 1534 1121 1618 quatuor
1142 1511 1237 1591 mun-
1319 1540 1326 1548 '

73 1626 108 1687 di
129 1626 253 1708 plagis,
284 1633 316 1686 et
338 1625 471 1688 cottidie
508 1627 648 1692 offerunt
670 1647 726 1710 ea,
760 1645 842 1710 quae
864 1646 884 1689 a
904 1647 1004 1711 puero
1026 1631 1235 1714 accipiuntur.

70 1731 146 1793 Neo
175 1730 298 1792 turtum
330 1736 418 1792 tuum
450 1729 623 1796 offerentes
652 1733 763 1795 merito
790 1733 913 1814 privat,
945 1734 1029 1797 sicut
1054 1754 1116 1798 nec
1118 1731 1236 1828 illum,

69 1837 124 1898 cui
146 1835 271 1898 furatus
297 1851 335 1896 es
358 1818 503 1917 minima,
526 1845 558 1918 et
585 1838 707 1930 pietate
728 1836 864 1920 spoliat,
897 1855 993 1920 quam
1023 1841 1153 1904 exhibet
1174 1845 1236 1906 sibi

69 1937 290 2022 offerentibus,
309 1946 342 2000 et
358 1936 481 2020 justam
506 1911 681 2006 vindiciam
702 1957 763 2003 sno
783 1947 929 2024 tempore
950 1941 1008 2004 tibi
1022 1957 1101 2006 nrm
1125 1955 1237 2008 caete-

67 2044 115 2106 ris
140 2043 234 2106 malis
255 2049 438 2111 conservat.
465 2042 625 2108 ·'·Similem
643 2045 911 2108 exclamationem
943 2047 1066 2113 invehit
1088 2049 1235 2134 Jerony-

68 2159 143 2210 mus
175 2155 286 2210 contra
320 2148 524 2230 sacrilegium
557 2149 590 2211 in
623 2147 735 2213 eadem
768 2149 908 2213 ecclesia
946 2135 1170 2238 commissum,
1202 2137 1236 2219 in

66 2252 218 2336 Epistola
239 2251 456 2334 objurgatoria
477 2259 590 2329 eontra
603 2252 812 2317 Sabinianum
833 2253 1013 2338 diaconum,
1028 2255 1235 2326 seductorem

67 2355 243 2420 Susarnnae
264 2357 410 2439 virginis
1224 2428 1252 2458 ..

153 2464 254 2544 Igitur
275 2462 351 2525 dum
373 2461 493 2524 domini
522 2461 640 2526 milites
661 2463 872 2546 obtulissent,
906 2471 941 2526 et
965 2463 1098 2533 dortaria
1120 2486 1236 2530 nume-

68 2571 193 2644 rarent,
227 2566 393 2630 inventum
414 2574 467 2630 est
489 2565 607 2628 adesse
629 2555 751 2650 tinem,
772 2574 805 2629 et
825 2571 1127 2661 circumspicientes
1147 2571 1235 2634 vidi-

67 2676 143 2758 mus
164 2669 252 2732 illum
275 2672 481 2753 orientalem,
517 2678 549 2733 et
572 2669 660 2732 nullo
682 2613 777 2735 morlo
805 2671 1037 2758 dubitavimus,
1058 2677 1121 2739 nisi
1150 2666 1236 2758 qnod

65 2775 140 2856 ipse
161 2773 256 2840 nete
276 2777 501 2840 commisisset.
525 2762 835 2857 Comp‘rchendimus
857 2787 965 2850 runem¹
986 2798 1058 2842 eum
1080 2782 1114 2840 in
1138 2797 1235 2845 nora

66 2879 243 2962 spelunca,
280 2889 313 2942 et
343 2888 585 2964 perscrutantes
618 2865 803 2943 invenimus
838 2899 969 2965 aurum,
1008 2888 1041 2945 et
1068 2885 1234 2967 coegimus

67 2989 143 3046 e'nni
163 2983 344 3050 adlecum.
353 3004 527 3067 reponere,
550 2992 582 3046 et
602 2984 665 3048 hoo
685 2985 771 3050 iacto
793 2977 969 3069 repulimus
991 3007 1063 3052 eum
1085 3007 1106 3053 a
1131 2990 1232 3052 nobis.

65 3090 141 3150 Hoc
172 3089 290 3154 turtum
320 3091 438 3154 iactum
462 3091 568 3152 estin
599 3107 673 3152 mea
699 3090 803 3171 prima
835 3075 1116 3176 peregrinatione,
1145 3103 1178 3156 et
1201 3089 1245 3186 in,

8 3231 12 3239 ν
64 3192 211 3256 secunda
231 3196 337 3259 simile
368 3194 502 3276 contigit
532 3211 710 3276 perunum
732 3191 965 3281 Sarracennm,
987 3199 1044 3282 qui
1066 3199 1232 3262 nobiscum

8 3363 12 3370 ,
63 3298 237 3379 ingressus
262 3297 383 3380 fuerat,
416 3307 447 3359 et
478 3296 518 3359 ad
550 3299 656 3360 locum
687 3297 861 3362 inclinatus
892 3305 1052 3384 tamquam
1085 3293 1233 3394 oraturus
1342 3311 1350 3318 '

62 3399 192 3466 occulte
212 3402 383 3482 pecuniam
395 3401 564 3501 surripuit.
608 3393 748 3476 Quidam
771 3411 878 3466 antem
901 3404 1066 3486 peregrini
1087 3387 1232 3471 astantes

56 3511 97 3570 et
119 3503 226 3568 dolum
258 3487 408 3566 videntes
444 3522 517 3565 enm
540 3493 685 3567 insecuti
716 3511 807 3586 sunt,
841 3514 874 3568 'et
904 3508 1208 3610 comprehensum
1198 3529 1232 3606 ιιι

62 3626 197 3693 specum
208 3625 348 3673 sacrum
370 3609 571 3688 retraximus,
593 3607 763 3688 plurimum
785 3607 1013 3673 reclamantem
1035 3618 1067 3673 et
1088 3598 1233 3675 reniten-

63 3724 140 3777 tem.
184 3711 267 3775 Cum
289 3730 407 3795 magara
429 3731 506 3795 ergo
536 3711 690 3776 violentia
718 3713 780 3774 sibi
813 3732 928 3777 manns
964 3717 1166 3798 aperuimus,
1201 3727 1233 3780 et

62 3817 234 3901 pecuniam
267 3815 467 3899 invenimus,
504 3834 569 3902 qua
599 3824 736 3900 accepta
772 3835 845 3881 cnm
878 3817 1098 3904 indignatione
1129 3811 1232 3906 furem

8 3947 11 3974 ι
63 3921 226 3987 infidelem
247 3929 341 3985 extra
362 3909 587 3985 trusimus.1n
608 3920 674 3984 lina
695 3939 774 4004 ergo
791 3921 898 3986 locum
915 3923 1094 3989 deosculati
1109 3944 1232 4008 sumus,

64 4034 96 4089 et
113 4025 242 4090 licentia
257 4034 393 4110 accepta
409 4047 428 4089 a
446 4034 562 4090 sancta
579 4044 737 4110 puerpera
746 4025 787 4088 de
799 4026 871 4090 lacu
879 4027 998 4132 [loeo]
1016 4031 1236 4126 ascendimus,

8 4113 11 4138 ¹
67 4137 99 4192 et
120 4132 247 4214 egressi
279 4129 452 4196 ecclesiam
482 4129 594 4196 as'incs
615 4129 841 4214 ascendimuS,
877 4140 909 4195 et
929 4153 988 4217 per
1015 4139 1113 4220 viam,
1135 4153 1232 4230 quam

66 4235 239 4319 venimus,
273 4235 416 4322 regressi
448 4253 563 4304 sunus
596 4239 631 4302 in
673 4235 875 4368 Jerusalem,
914 4244 950 4302 et
979 4221 1024 4303 ibi
1064 4224 1231 4323 prandium
