2914 4850
463 200 467 210 ι
577 199 617 266 ω

2 451 159 564 odes
173 477 443 589 quomodoh'.
459 476 510 562 li.
535 442 586 573 Εἰ
601 497 653 560 se
669 475 867 585 disposuit
886 421 941 562 ad
957 479 1178 568 secundum

2 616 308 730 vagationem
324 617 395 701 vel
412 613 783 733 peregrinationem
799 615 958 708 Terrae
983 613 1176 727 Samene,

142 753 440 865 Jerusalem,
467 743 638 862 Syon,
626 752 668 837 el
693 750 841 834 montis
866 749 1011 887 Syriai
1075 752 1080 760 '
1112 848 1128 871 ‚-

80 933 305 1020 Evagatione
332 953 409 998 mea
435 933 546 1017 prima
569 935 718 1017 peracta,
750 940 789 996 ut
816 953 875 1016 pro
906 943 998 1016 parte
1031 935 1176 1016 recitavi,

1 1059 99 1103 uus
126 1039 414 1124 quidem'carpere
445 1041 573 1103 Ulmum
598 1040 692 1122 veni,
711 1041 751 1099 “et
782 1038 816 1099 in
838 1040 1027 1120 apparentia
1053 1039 1173 1104 laetum

1 1145 241 1243 undamque
272 1165 324 1210 me
358 1146 504 1212 exhibui
544 1144 647 1208 tristis
675 1153 784 1216 taimen
814 1152 848 1205 et
880 1145 1046 1227 inquietus
1069 1147 1176 1209 animo

59 1249 172 1314 corde
208 1237 271 1333 ini,
304 1258 435 1332 propter
476 1243 716 1312 solicitudinem
758 1257 793 1309 et
826 1265 972 1333 curam,
989 1269 1086 1332 quam
1124 1257 1183 1314 me'

1 1359 185 1420 ‚biturum
222 1356 403 1416 sentiebam
434 1339 492 1435 pro
533 1345 629 1418 alitt‘
637 1355 896 1437 peregrinatione
932 1363 964 1416 et
997 1355 1107 1418 reditu
1134 1353 1176 1418 ad

28 1479 122 1522 raim
144 1469 292 1522 ammam
327 1464 359 1521 et
378 1455 581 1527 Jerusalem:
603 1460 687 1521 siout
712 1452 867 1540 proposui
888 1459 927 1520 in
943 1475 1084 1556 egressu
1101 1476 1175 1526 meo

1 1587 16 1627 e
72 1565 225 1626 civitate·
246 1575 374 1648 sancta,
413 1565 498 1649 quad
529 1573 640 1626 tanum
669 1565 868 1645 propositum
899 1565 982 1628 nulli
1011 1566 1176 1660 hominnm

1 1669 221 1738 anilestaai.
244 1670 458 1753 Nequaquam
478 1672 757 1732 enim”oontentus
783 1669 834 1744 iud
861 1669 902 1730 de
917 1671 1177 1754 peregrinatione
1247 1741 1250 1746 Δ
1337 1678 1342 1715 ³

1 1777 123 1856 rima,
147 1776 224 1857 quia
260 1776 356 1841 nimis
385 1769 505 1837 lestida
521 1773 586 1838 luit
614 1784 647 1837 et
673 1776 800 1857 brevis,
830 1783 862 1836 et
882 1790 941 1857 per
968 1777 1040 1839 loca
1061 1786 1176 1840 saneta

30 1879 205 1942 currimus
223 1879 347 1962 absque
360 1879 527 1942 intellectu
543 1887 575 1942 et
592 1881 667 1944 sine
685 1877 813 1942 affectu.
835 1879 911 1942 Non
926 1883 1024 1943 etiam
1040 1879 1177 1945 dabatur
1223 1912 1228 1920 ·

1 1985 93 2048 obis
117 1991 250 2066 tempus
267 1985 423 2052 uisitmtdi
446 1981 605 2070 quaedam
621 1976 691 2048 ’ὼ
712 1983 785 2047 loca
804 1994 920 2046 saneta
937 1987 1053 2049 tamin
1074 1987 1176 2048 Jeru-
1254 1964 1270 1989 ⁴

0 2116 11 2140 x=
26 2089 121 2170 lem,
136 2100 241 2172 quam
263 2100 365 2154 extra.
400 2091 473 2155 Nee
494 2075 645 2174 permissi
668 2089 789 2154 immas
808 2090 872 2152 nisi
893 2089 995 2152 semel
1018 2090 1175 2154 duntaxat

1 2193 141 2257 ircuire
153 2203 294 2260 montem
313 2196 435 2278 oliveti,
452 2204 485 2257 et
505 2195 586 2257 locu'
597 2194 668 2277 ejus
676 2201 741 2284 mi
754 2193 922 2257 Bethleem
935 2213 975 2258 ac
984 2196 1176 2259 Bethaniam

7 2319 64 2363 οιι
88 2299 155 2360 nisi
187 2299 306 2382 semel,
329 2305 375 2362 'et
405 2301 439 2363 in
468 2301 611 2362 tenebris
639 2299 791 2392 vidimus.
846 2299 971 2364 Idcirco
1004 2311 1176 2383 postquam

12 2410 129 2469 ιιιιιιιι
150 2401 250 2484 redii·
264 2410 297 2465 et
319 2403 363 2464 de
381 2403 555 2485 sepulchro
577 2403 784 2466 sanctissimo
796 2403 927 2467 Domini
948 2423 988 2467 ac
1002 2405 1174 2486 praesepio

0 2525 73 2570 us
105 2516 138 2569 et
177 2506 221 2568 de
253 2508 387 2570 civitate
423 2515 552 2570 sancta
572 2506 756 2570 Jerusalem
784 2515 817 2569 et
849 2505 890 2570 de
921 2509 1083 2570 montibus
1117 2523 1177 2590 per

11 2614 176 2676 ircuitum
197 2615 269 2692 eJ'us
299 2614 444 2696 cogitare
475 2613 563 2696 cepi,
589 2613 737 2696 species,
772 2612 894 2678 formae
916 2621 949 2675 ct
969 2612 1194 2677 habitudines*

13 2718 130 2780 lorum
153 2717 297 2780 locorum
319 2728 351 2780 et
387 2718 524 2781 aliorum
546 2718 699 2800 fugerunt
721 2737 741 2781 a
764 2736 833 2800 me,
854 2727 886 2780 et
908 2714 1084 2803 appetebat
1098 2719 1176 2781 mihi

4 2840 89 2886 erra
112 2831 227 2885 sartcta
249 2835 282 2885 et
299 2823 483 2887 Jerusalem
506 2841 580 2887 oum
600 2821 682 2887 loeis
704 2825 775 2886 suis
797 2824 856 2886 sub
874 2824 1014 2907 quadam
1035 2823 1176 2906 caligine

8 2910 378 3011 enebrosa37aesi=i11
407 2930 531 2993 somnis
554 2947 597 2990 ea
612 2928 789 2998 uidissem.
831 2929 874 2991 lit
899 2929 1070 2994 videbatur
1096 2929 1176 2992 mihi

2 3031 91 3094 tuod
109 3033 214 3094 minua
230 3034 347 3098 scirem
362 3033 403 3097 de
420 3019 569 3097 omnibns
588 3031 830 3116 locissanctis,
853 3019 949 3117 qualn
971 3041 1047 3097 ante
1065 3053 1176 3098 eorum

23 3138 237 3220 'sitationem3
259 3139 347 3217 udde
363 3139 509 3222 accidit,
541 3136 627 3221 quod
649 3139 932 3220 interrogantibus
954 3158 1007 3202 me
1028 3137 1069 3202 de
1093 3138 1175 3201 locis

5 3243 129 3305 anatis
167 3243 290 3306 mullum
323 3261 438 3308 verum
469 3244 552 3307 dare
581 3243 674 3325 potus
709 3248 917 3326 responsum,
957 3253 1020 3308 rtec
1051 3253 1175 3306 certum

23 3347 207 3412 onscribere
227 3347 469 3431 Evagatorium.
492 3347 715 3411 Vehementer
739 3366 816 3430 ergo
840 3347 938 3430 dolui,
960 3347 1175 3430 quod‘tantus

2 3451 162 3539 miserias,
192 3450 361 3534 angustias
383 3461 416 3513 et
449 3450 576 3518 huores
603 3451 675 3534 (B)
713 3447 902 3533 habueram,
941 3459 1049 3517 tantas
1078 3453 1174 3516 etiam
1230 3524 1241 3543 ..
1335 3530 1337 3538 y
1456 3438 1457 3457 ¹

3 3559 158 3640 pecunias
197 3555 441 3638 expanderam,
463 3565 652 3638 tantumque
683 3555 836 3638 temporie
859 3553 1082 3641 perdiderant,
1103 3557 1175 3620 sime

6 3663 127 3740 fructu,
148 3655 464 3740 sine'eonsolationq
479 3661 550 3721 sine
572 3661 767 3742 cognitione.
796 3659 904 3742 Saepe
926 3659 1002 3724 dum
1023 3683 1080 3746 pro
1101 3683 1175 3727 mea
1221 3643 1226 3651 ¹

8 3761 226 3830 consolatione
247 3781 299 3825 me
320 3763 466 3824 converti
488 3761 530 3825 ad
547 3761 819 3848 cogitandum'de
837 3765 1020 3829 Jerusalem
1041 3777 1077 3832 et
1093 3765 1176 3832 loeis'

11 3865 147 3940 sanetis,
171 3873 203 3927 et
236 3866 372 3929 dubiosa
396 3867 583 3950 imaginatio
605 3867 682 3932 mihi
704 3881 897 3956 occurreret,
920 3873 1081 3956 mihiipsi
1102 3890 1173 3938 cum

14 3971 226 4054 indignatione
259 3971 428 4056 respondi:
462 3973 585 4037 desiste
606 3993 728 4059 quaeso
751 3974 792 4038 de
819 3977 885 4042 illis
907 3979 990 4042 loeis
1022 3981 1175 4061 cogitare,

15 4086 105 4162 putas
124 4077 207 4140 enim
229 4087 262 4140 te
281 4081 326 4142 ibi
348 4081 460 4144 luisse.
484 4079 535 4146 lix
555 4081 607 4144 his
623 4091 700 4145 tunc
716 4082 946 4147 inardescebat
981 4083 1177 4147 desiderium

20 4181 161 4246 redeundi
182 4182 224 4246 ad
247 4185 479 4269 experiendum
510 4188 694 4278 veritatem,
723 4184 806 4253 ,de
827 4208 905 4252 mox
925 4189 1124 4271 sequebatur
1142 4183 1198 4247 iri'
1255 4257 1257 4270 Ι

21 4304 70 4350 me
94 4303 176 4352 nove
191 4289 339 4375 tristitia,
375 4311 418 4356 ex
447 4310 487 4358 eo
517 4291 604 4374 quod
636 4291 793 4356 redeundi
821 4293 950 4358 modurn
981 4289 1093 4354 videre
1110 4304 1179 4350 non
