2596 4788
705 113 769 183 342

155 301 290 382 Forma
312 293 493 372 ecclesiae
519 292 637 370 sancti
665 289 861 396 sepulchri,
886 291 924 366 iu
951 315 1027 390 qua
1062 292 1153 388 jam
1190 297 1273 369 stet*

346 421 428 516 ejus
454 414 626 491 moderna
653 411 852 516 descriptio
881 411 942 488 hic
970 409 1165 487 habetur.

238 619 391 690 Ecclesia
412 617 563 682 dominici
585 614 759 699 sepulchri,
784 617 890 701 qualis
912 633 1000 680 nunc
1022 615 1096 698 sit,
1121 611 1288 675 viderere

155 727 218 794 Pru
241 745 304 811 quo
320 723 505 804 notandum,
528 720 615 809 quud
637 719 777 784 ecclesia
798 720 854 782 illu
879 730 930 782 est
959 721 1176 798 trinomius,
1204 715 1290 798 quus

157 832 289 916 duplex,
310 837 345 892 et
366 827 528 916 quaelihet
549 825 647 889 hebet
667 842 762 888 suum
783 843 911 909 numen,
931 834 966 888 et
987 833 1112 888 tutum
1141 823 1239 885 etiem
1254 818 1295 879 tut

158 955 252 1004 snum
272 952 399 1000 numen.

241 1037 403 1118 Ecclesia,
424 1037 458 1100 in
478 1053 543 1121 quc
560 1043 799 1100 monumentum
811 1033 940 1098 Domini
959 1044 1040 1119 stat,
1063 1034 1204 1098 dicitur
1220 1048 1297 1092 eccs

160 1146 267 1212 suncti
287 1141 467 1226 sepulchri3
489 1139 641 1222 eoeleste,
655 1141 710 1202 nbi
731 1149 783 1202 est
802 1139 940 1202 medium
964 1140 1101 1223 muudi,
1123 1138 1277 1222 juxtam

162 1248 347 1329 Culvariue,
370 1245 488 1312 dicitur
509 1243 650 1308 ecclesis
669 1244 882 1328 golgathune3
905 1245 1021 1306 ambae
1045 1243 1176 1308 dictae
1199 1237 1297 1302 eccle·

163 1353 260 1422 simnl
287 1352 435 1416 dicuutur
455 1349 643 1431 Anastasis,
664 1350 685 1412 i.
708 1368 736 1410 e.
760 1349 900 1412 ecclesie
921 1347 1193 1412 resurrectionis
1211 1343 1296 1407 Μ’·

161 1459 222 1522 list
244 1465 350 1520 eutem
371 1458 405 1518 in
425 1455 566 1518 veritate
587 1473 651 1516 non
667 1453 730 1517 nisi
743 1473 808 1517 une
823 1455 972 1537 ecclesia,
989 1465 1024 1518 et
1045 1457 1168 1536 navis,
1184 1449 1297 1514 cuntiur

162 1571 310 1625 sunctum
345 1558 570 1642 sepulchrum,
613 1557 729 1623 dtcitur
750 1559 892 1623 ecclesie
921 1561 1030 1623 suncti
1065 1554 1246 1642 sepulchri
1280 1550 1296 1608 l

163 1667 281 1730 chorus
303 1664 391 1728 ittiuu
413 1662 574 1726 ecclesiae
609 1661 725 1730 dicitur
757 1665 898 1727 ecclesie
926 1663 1163 1748 golgathann,
1196 1677 1282 1742 quse

162 1773 196 1836 in
217 1769 288 1834 lucc
310 1767 482 1852 Gulguthe.
525 1769 587 1832 list
609 1775 718 1830 nutem
739 1768 880 1832 ecclesie
908 1769 1044 1853 grandis
1068 1780 1104 1832 et
1129 1765 1296 1851 pretim«

162 1877 193 1942 si
214 1875 293 1940 nihil
317 1882 423 1955 esset,
445 1873 627 1936 utriusvis
650 1872 824 1958 ecclesiae,
856 1877 889 1938 in
912 1893 974 1956 qno
997 1872 1208 1936 dominicum
1229 1884 1289 1945 sept

162 1983 274 2052 chrum
296 1987 380 2062 stet,
410 1978 534 2044 iaceret
555 1995 672 2059 perse
694 1997 843 2062 mugusm
866 1979 1037 2042 ecclesium
1061 1979 1203 2042 secluso
1230 1973 1291 2033 otuu

165 2088 251 2152 Nam
274 2086 414 2150 ecclesie
433 2081 498 2164 itta,
516 2081 648 2145 secluso
664 2085 772 2168 chore,
794 2084 931 2147 rotunde
949 2093 1010 2167 est,
1027 2086 1169 2167 mugnis
1186 2077 1295 2142 cotum

166 2191 351 2258 marmoreis
372 2207 431 2276 per
452 2188 620 2252 clrcuitum
642 2188 772 2272 fulcite,
806 2190 1031 2252 hebetantem
1054 2210 1119 2272 per
1152 2188 1291 2251 diruetur

165 2298 207 2364 de
232 2297 383 2362 columne
404 2291 446 2355 ed
479 2292 658 2358 columnam
680 2295 819 2362 LXXIII
840 2293 956 2378 pedes,
989 2303 1022 2357 et
1045 2313 1066 2356 u
1087 2304 1189 2378 tergo
1214 2285 1294 2350 colun

165 2421 278 2469 narum
299 2419 403 2484 nsque
429 2397 470 2464 ud
491 2418 616 2462 murum
635 2400 746 2483 templi
767 2398 868 2482 pedes
890 2401 993 2467 XXX.
1028 2400 1072 2462 tm
1093 2399 1180 2462 illud
1199 2389 1288 2476 sputin·

167 2527 226 2589 per
253 2524 371 2592 gyrum
392 2521 430 2568 se
452 2503 611 2585 extendit,
644 2512 676 2590 et
698 2507 867 2566 transitum
897 2505 974 2567 lucit
995 2505 1080 2566 inter
1116 2505 1290 2568 coturnum*

166 2613 319 2694 parietem
342 2608 453 2690 templi
473 2609 545 2670 siue
564 2626 688 2671 murum
707 2612 891 2693 cingentem
912 2609 1075 2692 templum.
1097 2611 1168 2674 Hic
1184 2599 1289 2668 transiitt

169 2732 269 2796 snpra
292 2722 343 2774 cst
364 2703 598 2795 testudinans,
633 2733 717 2796 quae
738 2711 868 2778 testudo
890 2717 930 2778 eb
962 2735 1026 2778 unu
1046 2724 1144 2796 purte
1178 2700 1291 2792 deperit

171 2837 270 2900 super
290 2816 458 2880 culnmuus
484 2818 590 2900 (tce
600 2819 652 2902 A)
674 2821 874 2904 praedictus,
903 2822 943 2882 uh
966 2820 1029 2882 aliu
1049 2821 1202 2883 innititur
1220 2809 1283 2895 prrtr'

167 2921 280 3004 templi
318 2923 390 2990 sive
422 2943 514 2989 muru
547 2925 705 2988 circulari.
750 2924 857 3008 Super
891 2925 979 2989 illem
1001 2933 1110 2992 nutem
1140 2919 1289 2988 restrum

167 3031 244 3098 ulim
266 3037 334 3095 eret
365 3028 532 3100 circularis
560 3033 718 3095 transitus
749 3032 945 3112 cummunis,
980 3039 1012 3095 et
1034 3030 1170 3114 ulteria,
1192 3037 1221 3092 et
1235 3023 1290 3105 jum

167 3143 290 3228 purtem
314 3133 426 3218 templi
449 3144 498 3200 est
514 3153 671 3200 ascensus
684 3156 743 3218 per
763 3135 924 3220 lapideum
946 3134 1083 3218 gradum
1100 3135 1144 3198 ad
1158 3131 1289 3218 supertutt

168 3242 267 3306 Nunc
288 3260 367 3308 veru
389 3250 466 3303 sunt
487 3241 638 3323 superius
658 3241 842 3312 hubituuule
865 3249 901 3303 ct
924 3241 1025 3324 chori,
1046 3260 1106 3322 per
1126 3229 1291 3304 intermedie

168 3367 277 3414 murus
299 3347 413 3429 divisi,
433 3347 467 3415 in
489 3347 606 3430 quihus
628 3345 804 3411 Christiani
826 3345 867 3409 de
894 3347 967 3410 eliis
1002 3345 1117 3410 ritihus
1138 3364 1202 3409 suu
1223 3335 1289 3404 officit

169 3461 341 3536 peragunt,
385 3451 437 3514 De
458 3453 607 3518 culumnu
628 3472 707 3517 veru
739 3452 781 3515 ud
803 3451 983 3515 columnam
1012 3451 1200 3515 ductisunt
1223 3453 1291 3509 munt

165 3573 266 3638 super
287 3575 370 3640 quos
391 3557 525 3626 ulterius
539 3577 649 3622 murus
669 3559 703 3621 in
720 3557 819 3623 ultum
835 3557 1001 3640 consurgit
1020 3575 1125 3642 usqne
1143 3557 1186 3620 nd
1203 3559 1288 3619 tectim·

168 3660 201 3728 iu
233 3679 296 3750 quo
328 3671 406 3726 sunt
439 3665 618 3747 fenestrae,
649 3683 707 3748 per
738 3681 820 3746 ques
853 3661 895 3725 de
922 3660 1083 3725 testudine
1113 3655 1248 3725 chunni
1262 3657 1290 3710 est

168 3775 338 3847 respectus
358 3768 392 3831 in
414 3769 602 3854 ecclesium,
625 3779 658 3834 et
690 3787 789 3852 super
809 3767 1016 3851 sepulchrum
1036 3768 1180 3834 Domini.
1217 3765 1288 3829 Pettt·

167 3885 319 3952 supreme
346 3889 422 3953 purs
452 3872 540 3938 tilius
568 3874 724 3940 retunduu
757 3873 917 3936 ecclesiae
949 3893 1015 3942 nou
1044 3871 1143 3936 hehet
1172 3867 1288 3958 tupiter

169 3973 386 4056 testudinem,
442 3977 502 4040 sed
547 3978 686 4062 ligneum
739 3976 780 4041 de
829 3978 975 4041 trabibus
1028 3978 1167 4041 cedrinis
1216 3971 1285 4039 utre

170 4080 307 4157 lectum,
342 4079 386 4138 ita
418 4088 546 4160 temen,
582 4073 668 4162 quud
702 4085 736 4150 iu
766 4081 837 4144 lucu
865 4081 1015 4144 culminis
1049 4084 1158 4145 trebes
1187 4101 1205 4144 n
1231 4085 1285 4142 rutt⁰

169 4177 384 4243 ascendentes
406 4177 549 4246 inclinati
580 4191 691 4250 contra
711 4201 750 4246 se
770 4186 909 4253 invicem
931 4185 1129 4258 conveniunt
1153 4187 1185 4254 in
1203 4176 1281 4252 ehtde
