2596 4788
116 296 168 352 est
191 287 371 352 adsoeusns
400 287 568 374 usquead
589 288 823 370 laeum-huuc,
854 288 889 350 in
910 303 991 371 quo
1030 284 1121 348 muri
1151 283 1242 346 eodm

115 394 188 455 siue
209 391 366 456 aedilioiis
386 402 483 455 stant.
506 394 580 458 Hoo
601 393 686 458 enim
707 393 837 475 insigne
860 391 901 456 de
921 392 1012 454 loeo
1036 389 1189 470 refertur,
1204 408 1255 471 qn.-

114 513 186 558 oum
208 496 299 558 multi
324 493 497 560 Sarraeeui
516 515 616 580 supas
647 506 780 559 veteres
805 515 914 560 muros
935 495 1031 558 illos
1076 502 1251 557 attentanti

114 601 176 664 sibi
209 599 322 665 domos
352 609 556 685 construere,
597 619 772 686 numquam
801 601 919 685 aliquis
955 600 1086 683 potuit
1120 606 1258 662 struemm

114 723 356 788 consummare,
387 705 448 768 sed
480 715 557 788 post
582 706 712 788 labores
744 715 777 770 et
799 717 925 772 sumtus
954 707 1091 768 subito
1132 711 1261 764 sonsum

115 829 282 893 domare,
310 819 344 872 et
375 811 437 874 hoo
464 812 586 875 totiens
620 813 774 894 contigit,
806 810 895 894 quod
921 828 1039 872 nemo
1078 807 1120 868 iu
1152 805 1264 870 loeoln

115 921 255 979 attentat
284 914 458 999 quidquam
490 918 633 998 erigere,
675 915 735 978 sed
774 901 937 979 dimittunt
981 908 1174 976 murorum
1203 911 1267 970 ruina

117 1034 241 1084 vaeuas
262 1026 360 1081 stare.
402 1019 660 1102 menatenam,
689 1001 873 1102 quod'ueo
893 1019 1038 1101 lapides
1065 1025 1209 1100 possunt
1231 1013 1270 1074 uo

119 1125 256 1210 auferri,
286 1123 319 1186 iu
347 1125 477 1210 signum
509 1126 691 1189 sanctitatis
724 1123 787 1191 loci
821 1131 856 1188 et
897 1125 1044 1188 futurae
1086 1119 1239 1184 aeclesiae
1252 1119 1272 1177 l.

120 1227 350 1294 aedificandae.

168 1427 270 1564 (Β).
283 1465 344 1540 De
380 1463 482 1556 loeo,
523 1463 584 1539 ubi
615 1427 792 1540 Dominus
832 1460 948 1539 Jesus
988 1461 1047 1538 ad
1093 1467 1237 1534 morton

228 1583 297 1660 luit
321 1573 631 1677 sententienatus',
658 1582 873 1684 qui.dioitur
894 1582 1081 1662 Gabatha
1124 1577 1186 1654 vel

570 1703 856 1804 Lyohostratos.
905 1719 910 1728 ·
946 1820 949 1828 Ι

196 1883 281 1948 lude
297 1887 471 1976 progressi
490 1886 525 1946 ln
546 1885 655 1952 noum
678 1871 844 1965 venimus,
864 1883 1054 1970 adloeum,
1081 1881 1143 1944 abi
1164 1885 1269 1954 tempos

119 1990 281 2074 passionis
313 1987 435 2051 Christi
458 1998 526 2051 erat
548 1989 640 2054 loeus
669 1987 802 2074 judicii,
829 1988 936 2055 dietus
963 1989 1134 2052 hebraice
1163 1978 1264 2044 Galat

120 2102 155 2156 et
171 2111 291 2176 graece
311 2092 562 2176 layoliostratom
584 2093 684 2156 latine
704 2113 783 2157 vero
804 2093 898 2163 oolh's
919 2096 1113 2172 memoris-‚-
1136 2087 1209 2170 quia
1225 2087 1267 2140 οὓ

120 2197 255 2262 altitudo
278 2197 398 2260 mtdtae
419 2200 603 2268 moestitiae
616 2198 709 2280 illis,
736 2206 846 2262 contre
868 2219 951 2284 quos
973 2198 1150 2272 sententia
1169 2186 1263 2254 setall·

120 2313 182 2372 tur.
225 2302 277 2365 De
307 2303 370 2366 hoo
391 2303 462 2366 loco
483 2303 621 2375 hahetur
651 2303 725 2365 Joh.
752 2301 799 2366 19.
845 2299 919 2364 Stat
949 2311 1061 2364 autem
1090 2303 1126 2364 in
1149 2295 1215 2357 loco
1231 2285 1265 2350 lu

122 2423 219 2472 mous
239 2407 346 2490 altus,
375 2403 415 2468 de
434 2407 598 2490 quadratis
621 2406 926 2488 lapidibus,.llaxus
947 2406 988 2468 de
1018 2425 1091 2470 una
1113 2409 1200 2486 parte
1215 2391 1259 2456 tifl'

122 2516 156 2576 in
179 2513 292 2596 aliam,
324 2511 479 2586 claudens
497 2514 651 2596 superius
672 2513 779 2584 vicum
802 2509 992 2576 admodum
1014 2519 1146 2598 portae.
1187 2501 1264 2578 Supn

122 2603 232 2682 areum
252 2637 331 2681 vero
353 2634 462 2680 murus
484 2625 537 2679 eat
558 2617 775 2700 aedilioatus,¹
797 2616 1031 2699 longitudinem
1061 2615 1130 2680 viri
1155 2609 1258 2677 habeas

122 2726 159 2786 lu
181 2724 243 2785 hoo
264 2741 354 2785 muro
376 2731 453 2784 snut
472 2722 632 2786 immutati
649 2722 713 2785 duo
730 2722 877 2806 quadrati
892 2720 1016 2806 lapidos
1032 2721 1118 2804 alui,
1136 2716 1176 2780 de
1187 2708 1262 2794 polite

123 2837 154 2891 et
176 2826 313 2890 candido
345 2845 519 2910 marmore,
551 2846 572 2889 a
593 2846 631 2890 sa
662 2829 802 2892 invicem
835 2827 996 2908 distincti,
1032 2836 1149 2904 contra
1175 2817 1256 2881 vivit!

123 2932 351 3013 respicientes,
374 2949 412 2994 ao
433 2935 463 2996 si
483 2952 541 3015 pro
564 2931 681 2996 decora
703 2941 814 2998 essent
841 2952 933 2996 muro
963 2933 1090 2994 inserti.
1133 2928 1259 3002 Tempore

122 3037 207 3100 enim
229 3035 390 3118 passionis
413 3033 534 3101 Christi
568 3047 636 3100 erat
657 3038 748 3100 locus
768 3037 823 3101 ille
841 3037 1081 3120 Lyohastratos
1105 3021 1256 3099 marmoreis

122 3138 241 3208 tabulis
271 3139 527 3222 pavimentatus,
560 3151 592 3206 ot
613 3145 646 3205 iu
667 3143 854 3226 pavimento
886 3141 1015 3206 luerunt
1047 3136 1167 3204 elevati
1183 3141 1256 3208 ,ppei

121 3249 203 3314 alios
234 3246 409 3331 pavimenti
441 3244 565 3328 lapides
597 3247 660 3312 duo
692 3247 800 3331 politi,
831 3248 896 3311 albi
948 3255 981 3310 et
1013 3245 1160 3331 quadrati
1194 3245 1254 3296 llll

122 3360 182 3421 sub
212 3351 377 3437 tribunali,
403 3353 465 3437 ita,
499 3350 584 3435 quod
601 3351 705 3435 judex
734 3351 854 3415 sedens
882 3371 943 3436 pro
975 3351 1127 3416 tribunali
1151 3339 1253 3411 moeret

121 3463 223 3544 pedes
245 3481 343 3544 super
364 3479 455 3542 eum3
477 3457 561 3520 alter
582 3476 660 3536 vero
682 3467 751 3520 erat
774 3459 808 3520 iu
836 3457 944 3526 medie
962 3457 1158 3540 pavimenti,
1184 3455 1254 3526 supet

123 3563 217 3643 quem
251 3565 450 3628 statuebatur
480 3581 556 3626 rous
586 3561 792 3645 judicandus.
834 3563 877 3624 Et
905 3570 980 3644 par·
995 3562 1163 3632 oirouitum
1186 3551 1250 3614 Ν(

123 3677 257 3746 saamua
277 3669 442 3732 consulum
466 3677 498 3730 et
517 3668 670 3750 judioum.
713 3667 767 3731 Ad
787 3667 874 3734 huno
894 3685 973 3750 ergo
993 3667 1099 3730 looum
1133 3652 1248 3732 mitti!

124 3766 224 3828 exivit
245 3768 388 3854 Pilatus,
418 3771 461 3836 ad
487 3774 682 3837 seutentiam
715 3772 938 3856 peremtoriam
965 3769 1147 3834 fenennam
1170 3763 1248 3828 pontu

123 3872 256 3954 desum,
281 3875 408 3938 sedens
428 3879 462 3940 iu
483 3877 650 3960 tribunali,
683 3876 785 3960 pedes
805 3875 931 3942 habens
953 3863 1249 3960 superlaudans

124 3975 282 4043 Dominus
308 3979 410 4042 lesus
429 3981 639 4046 summaudus
664 3983 776 4057 stetit„
796 3999 904 4065 supar-
932 3982 981 4044 rei
1020 3976 1164 4063 lapidem.
1200 3965 1245 4030 ΗΜ

125 4082 205 4148 duos
233 4080 364 4165 lapides
398 4096 592 4164 acceperuut
624 4084 755 4168 fideles,
790 4095 824 4150 et
855 4103 915 4149 eos
946 4065 1169 4168 apparatuum
1191 4078 1247 4142 llll

125 4202 215 4247 muro
244 4187 454 4244 inseruerunt
475 4186 508 4242 in
529 4195 715 4265 perpetuam
745 4189 792 4251 rei
813 4189 1007 4264 memoriam.
1050 4191 1088 4254 ln
1116 4190 1173 4254 hoo
1194 4189 1243 4258 018⁰
