2716 4798
1007 63 1012 94 l

706 150 771 215 tit

155 339 241 403 Nam
267 335 362 400 modo
382 341 432 398 est
453 334 593 415 flavum,
615 331 711 397 modo
733 330 857 414 album,
879 331 973 398 modo
993 332 1140 418 nigram,
1163 335 1280 400 modo
1298 337 1337 399 lu.

156 445 332 525 tuleutum,
364 439 459 504 modo
481 449 602 522 atrum,
628 435 724 500 modo
743 436 886 516 clarum,
916 437 1010 502 modo
1031 439 1226 524 turbidum,
1252 443 1334 505 motin

157 567 301 632 aureum,
322 545 416 610 modo
439 545 583 628 rubeum,
603 551 637 604 et
658 545 752 606 omni·
766 540 860 606 modo
882 542 967 605 sicut
994 543 1119 609 coelum
1151 546 1334 610 coloratur

158 662 307 738 apparet,
337 654 388 716 sic
410 659 441 714 et
469 668 568 718 mare.
610 645 769 724 Quamvis
796 655 906 710 temen
938 655 1110 732 utrumque
1142 653 1332 734 respicienti

158 770 191 823 et
212 755 411 842 comparenti
440 755 533 817 aliter
562 762 723 836 appareat.
767 752 855 816 Vide
882 757 1014 835 saepius
1042 753 1130 836 quod
1158 775 1281 840 aquae
1300 759 1332 820 io

158 868 272 949 nigrae
292 861 500 948 apparebant,
516 861 602 922 sicut
620 859 802 921 incaustum
824 865 856 919 et
879 866 987 921 tamen
1005 859 1134 926 coelum
1155 861 1330 926 videbatur

157 969 370 1052 splendidum.
414 964 492 1028 Ideo
526 962 698 1046 aliquando
720 979 740 1024 a
760 963 891 1026 fletibus
921 973 1092 1028 ventorum
1123 970 1174 1030 sic
1213 970 1273 1031 vel
1294 971 1331 1031 sic

159 1075 336 1156 coloratur,
358 1069 529 1157 aliquando
551 1089 593 1134 ex
613 1068 805 1134 firmamenti
826 1065 1078 1152 resplendentia.

331 1319 391 1394 De
416 1318 587 1420 periculis
610 1313 863 1418 multiplicibus
882 1315 1142 1414 ¹navigantium.

242 1502 402 1584 Evagatio
424 1520 482 1584 per
506 1519 594 1564 mare
619 1501 728 1564 multis
765 1497 977 1562 incommodis
1009 1498 1169 1580 subjacet.
1226 1499 1325 1578 ipsun

157 1608 246 1670 eninr
265 1623 355 1669 mare
375 1607 573 1670 inconsuetis
595 1613 645 1667 est
664 1601 803 1668 maxime
824 1602 985 1686 nocivum,
1008 1612 1040 1664 et
1061 1601 1210 1668 diversis
1237 1603 1323 1663 ratio·

161 1713 255 1774 nibus
279 1711 413 1774 multum
440 1699 666 1794 periculosum.
708 1711 769 1771 Est
790 1721 930 1791 namque
948 1709 1071 1770 timoris
1102 1708 1322 1786 incussivum;

158 1813 279 1878 doloris
300 1815 415 1899 eapitis
437 1817 659 1900 gravativum3
680 1814 822 1878 vomitus
848 1821 881 1874 et
900 1795 1043 1875 nauseae
1064 1815 1321 1895 provocaturum
1344 1871 1345 1874 ,

156 1922 321 2003 appetitus
335 1923 399 1984 cibi
416 1930 448 1983 et
464 1931 562 2004 potus
578 1920 772 2002 ablativnm3
794 1914 938 2000 corporis
953 1917 1085 1981 humaui
1104 1917 1320 1994 alterativum5

156 2027 344 2108 passionum
367 2027 592 2107 excitativum3
626 2032 658 2086 et
679 2022 850 2088 multarum
870 2023 1113 2106 peregrinarum
1136 2023 1320 2105 qualitatum

156 2127 339 2211 allativum3
363 2129 545 2194 mortalium
567 2139 600 2192 et
621 2126 834 2194 extremorum
866 2127 1082 2210 periculorum
1104 2130 1321 2206 causativum3

158 2241 193 2295 et
221 2249 324 2315 saepe
343 2237 564 2298 amarissimae
595 2238 706 2298 mortis
734 2234 944 2299 inductivum.
988 2233 1032 2294 Ill
1052 2233 1116 2294 huo
1145 2232 1316 2316 periculum

156 2346 208 2400 est
228 2339 506 2424 terribilissimum,
528 2339 614 2423 quod
635 2339 810 2423 prudentes
831 2340 971 2412 manime
991 2339 1113 2419 timent,
1133 2335 1229 2402 stulti
1251 2356 1318 2401 vero

154 2459 267 2525 parurn
299 2453 421 2510 curaui.
454 2445 548 2510 Unde
577 2447 754 2527 navigante
785 2462 844 2525 per
872 2460 960 2505 mare
990 2442 1172 2526 Aristippo,
1204 2461 1314 2526 magno

156 2549 364 2633 philosopho,
403 2552 437 2612 in
472 2557 665 2631 tempestate
702 2564 857 2609 nauscam
895 2564 1014 2628 passus
1047 2555 1079 2608 et
1111 2548 1317 2610 subversione

157 2654 316 2716 stomachi
338 2663 370 2716 et
385 2657 501 2737 capitis
521 2655 683 2735 vertigiue
701 2655 850 2717 anxiatus
873 2661 1007 2716 mortem
1027 2652 1142 2723 timuit.
1169 2649 1317 2716 Garrulus

156 2765 265 2818 autem
286 2755 417 2838 quidam
438 2757 541 2819 redita
553 2745 797 2855 tranqpillitote,
818 2766 850 2818 et
871 2758 998 2820 cunctis
1018 2756 1179 2819 restitutis
1196 2759 1316 2821 sanitati

154 2861 321 2944 pristinae,
341 2860 422 2925 dixit
431 2862 639 2944 philosopho:
662 2859 740 2943 quid
760 2870 822 2944 est,
844 2861 932 2946 quod
953 2879 1014 2924 nos
1028 2860 1155 2924 ‘idiotae
1175 2861 1315 2945 intrepidi

153 2981 283 3047 sumus,
305 2985 367 3030 vos
389 2949 495 3032 autem
516 2963 696 3049 philosophi
718 2965 912 3050 trepidatis‘i
944 2965 1143 3059 Resppndit:
1162 2968 1241 3048 qnia
1260 2985 1313 3028 non

156 3069 198 3132 de
217 3067 317 3132 simili
335 3073 441 3132 anima
462 3073 630 3154 utriusque
651 3070 827 3134 studemus.
871 3071 918 3132 ile
940 3071 1024 3134 enim
1055 3069 1113 3155 pio
1135 3073 1315 3155 nequissiuu‘

156 3173 327 3240 nebulonis
358 3177 465 3243 anima
484 3193 689 3260 nequaquam
716 3173 824 3238 decuit
849 3192 925 3238 esse
951 3174 1129 3240 solicitum:
1153 3193 1214 3259 ego
1243 3195 1314 3240 vero

155 3279 315 3347 obnoxius
332 3281 431 3345 debui
463 3281 503 3344 de
531 3280 711 3364 philosophi
738 3289 840 3343 morte
866 3281 988 3343 timere.
1031 3277 1118 3344 Nam
1139 3289 1172 3342 et
1202 3279 1312 3344 divites

154 3387 293 3468 amplius
317 3387 405 3449 sures
427 3387 549 3469 timent,
564 3403 660 3470 quam
681 3387 804 3466 inopes.
827 3386 978 3448 Animam
999 3385 1128 3468 plenam
1149 3387 1314 3449 virtutibus

155 3487 243 3571 lero,
265 3489 548 3554 insidiosissimum
570 3492 689 3573 linem,
711 3488 867 3554 latronem
889 3492 1143 3575 atrocissimum,
1165 3499 1312 3574 raptorem

154 3591 412 3660 cmdelissimum
434 3615 523 3658 mare
543 3599 657 3659 merito
678 3595 786 3658 timeo.
815 3595 915 3660 Porro
937 3595 1045 3660 omnia
1065 3598 1164 3660 maris
1181 3597 1313 3678 pericula

149 3693 218 3778 jam
249 3708 415 3780 praetacta
446 3719 540 3764 neruo
572 3699 688 3764 melius
721 3703 858 3784 probare
888 3710 1013 3787 potest,
1044 3720 1140 3786 quam
1162 3711 1312 3786 expertus,

154 3801 210 3884 qui
242 3821 306 3864 non
345 3803 482 3888 legendo
533 3813 589 3866 aut
616 3804 775 3869 audiendo
816 3806 946 3892 didicit,
996 3808 1057 3872 sed
1090 3805 1252 3870 sentiendo
1283 3816 1312 3868 ct

154 3905 364 3986 experiendo.
408 3907 503 3970 Unde
523 3904 749 3973 Ecclesiastici
771 3929 841 3993 cap.
865 3911 916 3976 43.
941 3933 973 3976 v.
995 3907 1051 3984 26.
1083 3909 1148 3990 Qui
1169 3912 1311 3994 navigant

153 4027 261 4093 mare,
283 4018 434 4074 enarrant
453 4012 596 4093 pericula
617 4013 721 4095 illius,
755 4024 787 4077 et
809 4015 976 4080 audiemus
999 4019 1131 4082 auribus
1151 4018 1263 4081 nostris
1281 4026 1309 4080 et

152 4113 389 4180 admirabimur.
398 4117 491 4179 llaec
501 4117 563 4180 ille.
574 4115 777 4183 Generaliter
785 4130 892 4184 autem
903 4121 1150 4186 transfretantes
1159 4122 1306 4205 patiuntur

156 4219 333 4297 periculum
362 4229 417 4284 aut
447 4223 571 4283 ratione
600 4223 717 4304 maris,
750 4232 805 4285 aut
827 4227 951 4287 ratione
979 4227 1085 4312 siris,
1118 4237 1175 4292 ant
1198 4233 1306 4292 ratione
