2780 4776
161 365 332 435 Praefatae
349 341 612 432 christianorum
635 375 755 449 gentes
785 375 978 432 manserunt
1001 369 1033 434 iu
1054 365 1247 452 Jerusalem,

79 470 208 556 quando
227 479 323 554 cepta
345 470 408 533 fuit
429 471 548 534 civitas
568 489 588 534 a
609 471 820 552 Sarracenis3
842 479 874 532 et
897 470 1024 552 expulsi
1045 471 1166 554 Latini,
1187 491 1249 554 pa-

79 576 219 639 triarcha
236 583 274 636 ⁴et
295 594 353 638 rex
374 574 558 640 Jerusalem
580 593 654 638 cnm
686 573 835 641 omnibns
857 575 944 656 suis,
975 585 1007 638 ct
1036 575 1154 640 tradita
1188 578 1250 640 luit

77 674 351 744 illis'Christianis
373 679 514 742 ccclesia
534 680 639 741 sancti
662 677 835 762 sepulchri,
854 681 900 742 ita
921 687 1029 742 lamen
1039 725 1049 764 ,
1072 679 1158 764 quod
1177 682 1250 744 loca

76 786 111 848 in
130 796 183 872 ea,
205 803 289 869 qnae
310 784 488 866 placerent,
511 791 663 846 emerent.
713 779 807 860 Quod
829 791 861 846 ct
882 784 1039 848 lecerunt.
1089 785 1133 846 lllt
1162 785 1251 849 facto

78 898 134 954 est
151 893 187 950 in
207 887 327 971 templo
349 889 411 952 hoc
439 895 556 950 sanctu
577 887 724 950 conlusio
750 889 943 963 commixtae
963 887 1177 953 multitudinis
1207 889 1250 955 ab

78 1008 163 1071 anno
183 990 312 1063 Domini
348 991 618 1058 MCLXXXVH.
653 989 705 1054 dio
740 991 789 1054 11.
825 991 986 1075 Octobris,
1008 1000 1042 1054 et
1061 1001 1250 1056 manserunt

76 1093 265 1179 praedictae
281 1105 534 1179 gentesomnes‚
556 1096 673 1160 demtis
684 1096 820 1177 batiuis,
841 1097 875 1158 in
885 1096 1078 1179 Jerusalem,
1099 1096 1262 1186 servien-¹

78 1207 133 1263 tes
155 1200 345 1264 sarracenis
365 1202 426 1265 sub
448 1203 576 1266 tributo.
620 1201 721 1264 Stetit
742 1210 848 1274 autem
867 1202 985 1264 civitas
1005 1209 1120 1264 sancta
1140 1201 1249 1270 multis
1272 1268 1276 1277 ,

77 1303 175 1371 eurus
192 1305 263 1368 sine
283 1305 391 1370 latinis
412 1303 616 1388 Christianis,
641 1323 811 1389 quousque
838 1305 1002 1368 liebertus
1032 1323 1091 1367 rex
1111 1303 1250 1368 Siciliae

77 1409 181 1498 ruulto
209 1425 288 1472 auro
309 1412 511 1493 comparavit
540 1409 723 1474 aSoldauc
747 1410 820 1472 loca
850 1418 966 1472 sancta
996 1409 1120 1491 aliqua,
1149 1417 1182 1470 et
1210 1427 1250 1475 ce

80 1513 236 1578 fratribus
258 1514 434 1578 minoribus
457 1514 598 1598 tradidit,
621 1516 676 1597 qui
695 1529 736 1576 ea
758 1513 927 1596 possident
948 1515 1099 1597 usquein
1120 1513 1271 1590 hodiem·¹

78 1639 158 1685 num
179 1619 276 1690 diem.
319 1618 370 1681 De
389 1619 439 1681 his
461 1617 537 1680 vide
556 1637 668 1702 supro,
690 1620 744 1684 sol.
770 1620 838 1684 108.

107 1750 111 1758 ¹
150 1723 260 1788 -Porro
296 1731 425 1805 praeter
445 1732 562 1806 gentes
586 1724 654 1806 jam
686 1731 875 1786 numeratas
903 1733 979 1786 suut
1012 1723 1124 1808 plures
1159 1730 1253 1786 extro

80 1827 179 1890 fidem
200 1826 324 1893 Christi
341 1831 375 1890 iu
396 1829 590 1911 Jerusalem,
617 1837 652 1892 ut
670 1827 993 1912 Sarracerri,dudaei,
1015 1827 1253 1910 'lurchsmc-

82 1932 189 2016 titani,
206 1932 396 2016 stamnum,
417 1932 460 1995 de
479 1932 598 2014 qulbus
626 1933 775 1998 omnibus
805 1931 984 1996 luculenter
1006 1939 1125 1996 tractat
1152 1949 1253 2014 saepe

82 2036 191 2102 dietus
226 2035 419 2119 magnificus
444 2035 593 2100 dominus
628 2034 835 2098 Bernhardus
863 2034 905 2096 de
932 2035 1167 2118 Braiteubach,
1196 2038 1254 2119 qui

82 2139 181 2208 nohis
202 2159 340 2226 parcens
360 2142 520 2207 sumtibus
541 2159 600 2223 pro
621 2140 768 2204 ordinata
789 2142 1024 2222 compositione
1053 2141 1105 2204 sni
1133 2159 1253 2223 pereg-

82 2244 196 2313 rlnalls
220 2248 293 2310 sive
315 2247 471 2310 itinerarii
503 2245 629 2310 induxit
649 2244 867 2308 venerabilem
889 2246 1100 2327 magistrum,
1133 2245 1254 2310 illumi·-

84 2360 196 2416 natnm
225 2351 407 2432 theologum
430 2358 463 2412 et
492 2359 640 2418 ornatum
662 2349 831 2433 rhetorem,
849 2349 1002 2412 videlicet
1014 2358 1139 2432 patrem
1160 2350 1254 2412 blar-

84 2457 188 2520 tiuum
209 2455 306 2540 Roth,
332 2454 464 2518 Ordinis
491 2452 658 2537 (ΙῦθΑ)
696 2454 976 2536 Praedicatorum,
1003 2453 1088 2538 quod
1115 2454 1275 2536 praelati,

85 2561 206 2631 domini
237 2559 434 2624 itinerarium
463 2567 576 2624 ornato
598 2567 633 2622 et
651 2568 779 2642 compto
800 2560 876 2626 stilo
897 2561 1098 2641 composuit,
1117 2568 1151 2624 at
1170 2577 1255 2642 gen-

85 2666 165 2728 tium
187 2663 407 2728 diversitatem
426 2663 637 2726 habitantium
656 2663 689 2726 in
717 2663 901 2729 Jerusalem
924 2681 998 2727 cum
1029 2664 1191 2727 erroribus
1222 2673 1256 2726 et

86 2769 354 2852 perversitatibus
375 2775 408 2829 et
438 2766 581 2832 moribus
600 2767 688 2832 clare
713 2767 902 2851 descripsit,
926 2769 1105 2851 reprobans
1130 2785 1256 2831 errores

85 2881 121 2967 et
142 2874 334 2936 utilissimas
365 2869 529 2934 doctrinas
553 2873 753 2954 theologicas
786 2872 916 2938 tradens
948 2891 1021 2936 cum
1042 2873 1256 2938 solutionibus

86 2977 259 3042 multarum
281 2974 514 3038 difficultatum.
537 2974 702 3039 Conduxit
723 2981 819 3042 etiarn
842 2979 946 3060 pretio
961 2977 1120 3042 eruditum
1142 2978 1256 3058 virum,

85 3080 268 3146 bichardum
289 3079 441 3162 liewich,
462 3079 707 3144 subtilissimum
730 3083 900 3166 pictorem,
933 3085 989 3166 qni
1017 3092 1130 3166 portus
1159 3085 1258 3146 maris

88 3195 121 3262 et
153 3187 307 3254 civitates
328 3191 363 3246 et
395 3193 501 3251 terrae
522 3183 610 3267 loco,
632 3194 665 3250 et
691 3189 867 3270 praecipue
892 3196 1009 3252 terram
1030 3195 1196 3270 sanctona,
1224 3195 1258 3250 ct

86 3286 229 3356 habitum
249 3289 393 3375 ςοιιιίιιιιι
414 3287 570 3356 dictarum
603 3293 733 3374 proprie
755 3292 916 3374 figuravit,
936 3301 971 3354 et
990 3291 1113 3373 flgurm
1133 3291 1175 3352 ad
1196 3291 1257 3354 de-

87 3398 281 3485 scriptiones
302 3395 436 3480 aptavit.
459 3393 586 3460 Ibidem
607 3411 696 3478 ergo,
718 3396 748 3457 sl
769 3397 823 3458 cui
845 3396 961 3477 placet,
984 3395 1081 3478 legat,
1104 3403 1136 3456 et
1156 3393 1273 3466 multa,

88 3519 109 3562 a
126 3517 184 3574 ,me
200 3499 335 3567 dimissa
354 3499 507 3564 inveniet.
531 3499 605 3584 llgo
625 3508 732 3564 autem
754 3519 811 3582 pro
833 3517 920 3564 nunc
934 3499 1070 3564 ulterius
1083 3498 1257 3581 procedam

89 3603 131 3667 ad
149 3605 363 3688 evagandum.

51 3779 56 3788 ·
89 3753 266 3831 Visitatio
305 3755 467 3832 locorum
497 3767 704 3835 sanctorum
731 3782 799 3861 per
831 3756 1016 3836 civitatem
1043 3755 1085 3836 S.
1102 3757 1272 3859 Jerusa-¹

406 3877 479 3954 lem
510 3889 549 3954 et
572 3902 639 3980 per
663 3878 850 3955 circuitum
874 3883 967 3982 eJus.

173 4039 294 4120 Quinta
317 4043 445 4110 decima
473 4043 526 4110 die
555 4045 618 4110 hoc
645 4047 680 4110 in
716 4047 801 4111 sesto
837 4047 1008 4112 divisionis
1029 4046 1258 4130 apostolorum,

92 4144 176 4212 dien
196 4147 377 4219 inchoando
398 4149 637 4232 opraccedenti
657 4165 818 4234 vespera,
842 4150 1061 4216 denuntiatum
1077 4150 1135 4213 luit
1154 4149 1261 4210 omni-

90 4250 152 4313 bus
174 4255 364 4339 peregrinis,
376 4266 412 4320 ut
428 4257 465 4318 in
484 4255 636 4323 occubitu
645 4255 727 4321 solis
745 4263 884 4318 montem
897 4253 975 4321 Sion
999 4255 1039 4318 ad
1059 4253 1261 4334 securiorem,

1018 4353 1053 4412 2³
1278 4348 1282 4356 ⁴
