2716 4798
730 111 772 177 re

160 299 345 362 nominavit.
390 298 427 358 irr
454 295 516 358 hoc
545 302 653 358 cestro
681 291 748 356 dux
779 293 936 360 Austriae
963 295 1060 361 habet
1091 313 1245 380 semper
1273 297 1333 362 mrri

160 413 212 468 tos
246 401 408 485 soldatos,
443 404 498 483 qui
535 400 721 464 custodiunt
763 401 808 463 ibi
846 409 1008 484 castrum,
1045 412 1083 464 et
1124 407 1331 487 provinciam

159 509 303 573 Ulterius
323 508 541 592 processimus
563 515 596 569 et
620 507 663 569 ad
682 507 789 570 laeum
821 505 982 589 quendem
1013 509 1188 594 venimus,
1226 513 1271 574 de
1290 531 1331 594 qu

160 615 233 679 locu
254 616 373 678 fluvius
406 611 570 694 decurrit,
608 614 739 680 nomine
766 613 909 695 Brenta,
937 615 992 695 qui
1028 613 1104 676 iude
1140 617 1331 680 omressrt'

159 720 303 783 Paduam
335 737 440 802 usque
463 717 620 800 pervenit,
655 728 688 780 et
719 722 835 800 postea
862 718 1065 782 descendeus
1095 724 1183 784 meri
1220 723 1330 785 Veneto

160 828 396 889 commiscetur.
431 824 676 907 Consequeuter
696 825 731 886 iu
752 825 881 906 iongnm
902 824 1021 888 vallem
1042 843 1203 908 magnam
1230 838 1264 890 et
1283 827 1330 888 iu·

160 933 248 996 tiiem
274 933 442 1014 venimus,
475 941 508 995 et
537 934 571 994 iu
605 930 760 1014 oppidum
794 929 977 1012 quoddam,
1006 930 1133 994 dictum
1164 933 1329 1015 vulgariter

159 1039 328 1123 Volscien,
359 1037 549 1102 divertimus
586 1035 748 1101 modicum
777 1035 937 1118 pausandi
968 1037 1084 1118 gratio.
1138 1039 1208 1100 Est
1242 1049 1326 1100 auten

157 1146 221 1210 hoc
247 1145 399 1227 oppidum
431 1141 472 1207 et'
493 1151 733 1226 consequenter
760 1149 835 1204 tota
851 1151 938 1204 terra
965 1156 1070 1225 usque
1104 1142 1160 1204 ed.
1186 1163 1278 1208 mare
1299 1142 1324 1202 dr

161 1251 403 1334 linguoitalica3
431 1251 577 1334 hospites
588 1259 696 1312 tamen
712 1249 806 1331 quasi
818 1245 953 1329 (dm)
965 1265 1077 1310 omnes
1095 1246 1213 1311 sciunt
1237 1251 1323 1311 antu

159 1357 288 1439 linguas
309 1357 519 1420 alemanicum
549 1365 583 1419 et
613 1355 763 1427 italicam.
807 1355 1009 1435 Interrogavi
1038 1363 1149 1418 autem
1181 1355 1320 1438 hospitem

160 1461 345 1525 detritione
366 1463 515 1543 nominis,
546 1474 648 1545 quare
669 1458 820 1542 oppidum
842 1450 1059 1522 nominaretur
1079 1459 1263 1546 Vuiscian,
1287 1461 1319 1541 qi

160 1567 335 1651 respondit.
383 1567 560 1649 Vulscian,
590 1567 674 1630 idem
702 1575 753 1628 est
780 1563 878 1648 quod'
896 1565 994 1628 valiis
1021 1567 1121 1647 sicca,
1151 1575 1190 1628 et
1218 1565 1319 1646 accepit

160 1693 277 1738 nomeu
295 1673 382 1755 ideo,
405 1673 480 1758 qaia
498 1673 685 1736 arrtemuita
704 1681 858 1754 tempora,
870 1681 1153 1756 autequamnmere
1171 1675 1316 1734 remisero

161 1781 232 1861 tirir,
255 1777 516 1862 asoerrditusquo
537 1779 600 1841 hnc
613 1793 752 1861 sursum,
776 1785 808 1839 et
829 1775 1008 1839 totavaiiis
1025 1776 1123 1858 piena
1145 1777 1213 1840 fuit
1234 1779 1315 1860 aquis:

161 1883 248 1948 uude
269 1884 308 1945 ab
330 1893 465 1966 utraque
486 1891 578 1966 parte
588 1885 741 1948 montium
762 1881 882 1946 vaiiem
904 1872 1148 1963 respicimrtiu'm
1169 1885 1315 1966 reperiun-

163 2002 214 2053 tur
235 1989 346 2051 cireuii
370 1987 510 2053 terreris
531 1990 634 2072 petris
649 1978 1046 2070 pro'uiiigaturarravium.
1067 1987 1149 2049 Post
1174 2006 1314 2050 recessu

164 2111 242 2175 ergo
263 2091 479 2154 matiervallis
500 2095 624 2156 siccata
646 2095 778 2154 retinuit
797 2077 914 2156 no'mer
932 2093 1102 2161 Volscian:
1145 2095 1203 2158 Eri
1231 2096 1336 2179 quibu

165 2205 277 2260 notare
316 2197 425 2281 potui,
465 2198 570 2282 quod*
593 2185 850 2262 corrosorius
886 2209 998 2263 contra
1036 2213 1126 2260 mara
1167 2201 1315 2264 tendente

165 2302 318 2368 montium
347 2305 476 2367 inerunt
508 2305 583 2368 olim
612 2298 754 2384 repieiae
776 2303 885 2386 aquis,
912 2313 945 2366 et
973 2313 1063 2366 erant
1086 2306 1220 2369 canalia
1245 2306 1315 2370 morit

167 2411 295 2492 magni,
326 2414 411 2474 sicut
441 2409 537 2474 hodie
570 2417 639 2490 est,
667 2408 701 2469 in
731 2410 826 2470 terris
850 2410 938 2472 man'-
958 2412 1164 2494 propinquis,
1200 2422 1237 2476 ut
1264 2410 1315 2474 diri

167 2513 358 2579 'l'heutonici
397 2515 563 2578 nominant
599 2512 777 2589 Vaiseiau:
832 2511 882 2591 811
918 2516 970 2582 btt
1008 2514 1118 2601 fflorg,
1160 2522 1241 2600 (flia
1275 2517 1315 2579 dut

167 2629 276 2682 castra
301 2628 377 2682 suut
408 2635 507 2699 supra
537 2618 708 2702 oppidum,
742 2627 774 2680 et
797 2607 907 2682 murus
931 2623 1030 2683 castri
1051 2618 1221 2688 conchdit
1250 2623 1318 2706 oppi-

169 2723 256 2786 dum.
300 2718 429 2783 Deinde
450 2739 470 2782 a
492 2721 650 2786 Valscian
678 2727 877 2789 recessimus
898 2733 931 2786 et
951 2743 1024 2790 sero
1046 2727 1079 2789 in
1101 2716 1238 2814 vflem,
1258 2745 1318 2813 quar

168 2825 292 2888 dicitur·-
305 2824 436 2907 Spiteii‚
464 2824 497 2889 id
518 2837 569 2892 est
590 2829 813 2916 hospitiolum,
839 2830 1046 2914 divertimus,
1078 2833 1189 2916 ibique
1212 2851 1318 2898 remar-

167 2931 269 2992 simus
290 2949 349 3011 per
369 2938 505 2993 noctem.
1135 2989 1141 2997 .

247 3033 432 3099 Vicessima
451 3018 572 3120 tertio,
595 3057 679 3121 quae
700 3050 757 3104 est
786 3041 909 3108 festuni
928 3041 975 3106 St.
991 3041 1145 3124 Georgii·
1164 3045 1273 3109 militis
1295 3049 1316 3104 rt

166 3143 327 3223 martyris,
345 3156 439 3203 mane
454 3150 653 3224 rogaverunt
665 3165 718 3210 me
728 3148 913 3231 Domini,ut
927 3148 1123 3236 cedebrarem
1141 3149 1189 3210 eis
1199 3149 1317 3216 Musam

168 3244 208 3306 de
230 3255 343 3308 sancto
367 3249 499 3312 Georio:
535 3245 647 3312 ornnes
676 3253 760 3314 eninr
782 3255 907 3316 nobiles
929 3254 1085 3336 singulari
1111 3253 1250 3334 quadem
1275 3256 1319 3317 de·

166 3349 296 3412 votione
316 3351 366 3420 St.
390 3351 545 3420 Georium
578 3356 696 3420 colunt.
739 3360 818 3421 Erat
848 3367 955 3422 autem
985 3359 1185 3452 solumuna
1211 3361 1317 3444 capelia

166 3454 199 3515 in
220 3453 299 3517 viiia
320 3460 391 3520 siue
410 3464 598 3546 secerdote,
628 3473 663 3525 et
695 3464 768 3527 cuni
800 3481 917 3546 magna
936 3457 1140 3528 difficultate.
1156 3463 1271 3530 obtinui
1286 3465 1315 3527 ai

166 3557 295 3622 aedituo
318 3563 496 3651 ecciesiae,
522 3569 608 3651 quod
639 3571 796 3653 capeliam
829 3571 974 3654 operuit,
1007 3577 1039 3632 et
1067 3579 1250 3651 paramenta
1272 3589 1316 3654 pro

165 3664 272 3726 Missa
291 3670 449 3750 exposuit.
493 3672 641 3756 Cumque
658 3672 725 3757 jam
747 3675 878 3740 indutus
906 3673 1161 3738 sacerdotalibus
1187 3679 1314 3740 vestitur

168 3785 287 3854 ensem,
309 3779 343 3832 et
362 3772 492 3838 Domini
513 3779 576 3841 mei
598 3780 740 3864 nobiles,
774 3776 821 3844 et*
835 3780 889 3844 alii
918 3779 1067 3845 homines
1099 3777 1139 3841 de
1169 3779 1242 3844 viiia
1270 3801 1315 3865 per

167 3891 282 3940 sonum
302 3895 478 3959 campanae
491 3885 660 3945 convocati
679 3885 898 3969 advenissent,
912 3895 945 3948 et
960 3885 1095 3948 calicem
1107 3903 1192 3948 more
1203 3899 1314 3950 nostroe

169 3987 246 4044 ante
267 3979 433 4046 Confiteor
453 4002 568 4067 parare
588 3987 728 4074 veilem3
757 4011 821 4056 non
844 3989 904 4054 iuit
922 3993 958 4056 in
978 3991 1114 4054 vasculo
1135 3989 1167 4052 in
1192 3991 1313 4056 fenestra

165 4087 273 4168 posito
298 4089 392 4171 panis
414 4089 468 4152 vel
486 4091 603 4175 hostia,
630 4112 693 4158 neo
719 4099 753 4162 in
780 4105 848 4161 tota
868 4096 966 4160 viiio:
995 4097 1079 4160 verti
1109 4113 1254 4178 ergone
1280 4097 1311 4160 ed

168 4193 319 4276 populum
342 4203 375 4259 et
395 4195 522 4259 hostiae
544 4195 704 4263 deiectum
722 4202 889 4262 intimavi:
909 4217 952 4262 ue
973 4209 1082 4263 tamen
1094 4203 1213 4264 omnino
1231 4207 1310 4268 vacui
