2716 4798
659 155 721 224 102

104 342 146 408 od
167 359 263 426 quern
284 346 355 404 erat
374 338 495 402 multus
516 354 695 406 mustus
716 355 775 419 pro
807 333 1016 420 indulgentiis
1045 345 1079 400 et
1107 341 1307 421 processio

104 447 270 514 sollemnis
291 445 541 527 fraternitatum,
562 461 646 529 quas
665 441 783 506 Scolon
801 445 975 508 nomhrant.
995 442 1070 520 (B)

194 551 330 616 Decima
340 567 426 613 nona
436 548 489 612 die
500 551 727 634 navigavimus
747 546 790 612 ad
801 547 983 632 ecclesium,
995 567 1091 634 quam
1113 551 1309 616 nominant

104 658 146 723 ad
166 657 204 722 S.
225 657 367 720 Mariam
388 655 430 718 de
449 655 684 737 Misericordia,
712 671 797 737 quae
832 664 885 720 est
915 654 1155 740 pulcherrima,
1200 656 1307 723 ditior

104 773 138 828 et
157 761 319 844 antiquior
339 759 479 824 ecclesia
498 762 534 824 in
556 761 647 844 urbe,
668 760 777 842 ibique
794 757 910 825 Officio
932 760 1040 824 divino
1061 763 1302 846 interfuimus,

103 876 305 933 stornatum
325 867 360 932 in
379 867 514 949 picturis
536 875 569 930 et
586 865 762 948 sculpturis
790 863 895 930 mirati
928 883 1050 930 sumus.
1101 867 1145 931 In
1181 869 1301 932 reditu

102 974 144 1039 ad
164 974 338 1056 hospitium
358 975 508 1036 venimus
529 971 571 1034 ad
591 971 709 1036 multas
730 967 812 1032 alies
833 969 1002 1054 ecclesian,
1021 971 1055 1036 iu
1084 972 1221 1054 quibus
1245 975 1300 1036 in-

102 1079 286 1163 dulgentias
307 1079 504 1162 accepimns,
526 1095 661 1161 quarum
683 1076 893 1142 ecelesiarum
922 1077 1053 1140 nomma
1081 1077 1222 1143 taeduit
1244 1098 1297 1144 me

102 1187 257 1253 seribere.

185 1291 353 1354 Vicesima
383 1286 436 1352 die
447 1331 458 1370 ,
502 1286 589 1351 lecto
631 1305 742 1370 mane,
780 1295 951 1370 antequam
982 1284 1033 1351 sol
1062 1284 1291 1350 incalesceret

102 1395 310 1460 transivimus
343 1394 377 1456 in
398 1393 572 1457 ecclesiam
594 1390 629 1456 S.
650 1393 778 1458 Mariae
805 1392 982 1461 formosae:
1015 1398 1049 1454 et
1079 1376 1180 1454 ¹uerte
1214 1394 1289 1474 ipss

101 1500 240 1564 ecclesia
261 1499 403 1565 formosa
423 1506 475 1562 est
495 1506 527 1559 et
548 1514 685 1582 magna:
708 1496 753 1560 ibi
772 1514 850 1580 ergo
870 1497 984 1560 Missis
996 1494 1115 1560 auditis
1135 1497 1287 1580 ingressi

100 1625 213 1671 sumus
233 1608 271 1668 in
289 1605 471 1687 hospitium.
514 1602 588 1666 Neo
610 1601 737 1667 dioillo
758 1603 848 1667 exire
869 1601 997 1667 domum
1016 1603 1283 1685 praesumsimus

99 1719 232 1795 propter
252 1711 444 1776 excessivos
465 1707 604 1776 colores.
647 1709 773 1776 Tantus
795 1710 880 1770 eninr
901 1716 972 1772 erat
993 1708 1097 1790 calor,
1134 1718 1282 1792 quantus

98 1818 271 1900 praeterito
303 1823 446 1898 tempore
484 1831 551 1878 nou
581 1821 632 1876 est
662 1813 755 1878 visus
781 1813 942 1878 Venetiis.
997 1810 1070 1891 Qua
1108 1813 1280 1897 arefactae

99 1929 177 1986 sunt
196 1924 377 2004 cisternae,
399 1927 433 1984 et
454 1918 542 1983 iacta
563 1926 615 1984 est
635 1936 791 2002 aquarum
813 1915 954 1982 dulcium
975 1935 1098 2002 magna
1116 1908 1280 2008 caristia,t

98 2044 161 2092 nec
180 2025 359 2090 habebatur
377 2025 423 2091 ibi
439 2023 591 2108 potabilis
618 2041 724 2108 aqua,
756 2024 821 2093 nisi
848 2042 932 2107 quae
962 2023 1004 2086 de
1030 2024 1130 2088 lluvio
1151 2025 1277 2090 Brenta

98 2129 320 2194 adducebatur
338 2129 373 2191 in
393 2128 543 2211 navibus,
564 2137 597 2190 et
617 2129 675 2190 illa
704 2147 780 2193 care
806 2129 1027 2217 vendebatur,
1058 2137 1092 2194 et
1119 2130 1275 2204 eisternis

97 2231 433 2310 circumfundebatur,
474 2241 511 2296 ut
541 2251 600 2317 per
629 2241 747 2299 terram
773 2233 933 2302 coleretur
975 2243 1009 2303 et
1039 2233 1075 2298 in
1109 2237 1273 2304 deternm

97 2337 283 2406 destillaret.

178 2443 468 2530 vicesimaprima
489 2441 543 2506 die
563 2442 796 2526 navigavimus
813 2397 856 2510 ad
892 2441 929 2508 S.
964 2399 1147 2508 Antonium
1169 2463 1271 2528 prope

96 2547 132 2612 S.
153 2549 367 2633 Dominicum,
386 2558 420 2613 et
439 2550 484 2614 ibi
505 2547 614 2612 divino
637 2547 754 2614 officio
775 2550 988 2616 interibimus.
1016 2549 1097 2614 Post
1119 2548 1269 2614 Officium

96 2655 304 2722 circuivimus
341 2661 375 2716 et
412 2661 593 2716 structuras
623 2673 780 2739 magnas,
806 2670 889 2740 quas
920 2656 965 2721 ibi
995 2655 1129 2722 Domini
1150 2654 1270 2720 Veneti

96 2759 218 2823 iaciunt
246 2757 333 2837 lieri,
362 2757 605 2841 perspeximus,
633 2768 666 2820 et
693 2767 802 2825 tantas
828 2777 991 2844 expensas
1019 2761 1126 2826 mirati
1146 2778 1266 2842 sumus,

95 2865 171 2948 quia
192 2863 233 2925 de
254 2862 386 2922 marlot
408 2861 501 2942 aquis
524 2879 636 2926 muros
653 2862 803 2944 ingentes
824 2868 968 2949 erigunt,
999 2874 1032 2933 et
1062 2875 1113 2928 est
1133 2865 1264 2930 multum

93 2969 269 3052 pretiosum
288 2965 334 3027 ibi
354 2983 441 3028 nova
462 2964 671 3030 fundamenta
688 2967 810 3050 jacere.
843 2965 992 3036 Ratione
1016 2970 1105 3034 illius
1130 2970 1264 3036 aedificii

92 3071 169 3134 Dux
189 3069 399 3132 venetiarum
422 3070 575 3135 fratribus
601 3077 722 3138 nostris
750 3075 792 3141 ad
815 3075 851 3139 S.
880 3076 1084 3142 Dominicnm
1113 3083 1182 3140 erat
1204 3076 1260 3142 illo

95 3187 239 3262 tempore
261 3174 394 3240 multum
424 3173 570 3241 offensus
604 3187 637 3242 et
664 3177 721 3242 alii
752 3189 934 3265 senatores,
961 3186 1036 3267 qula
1064 3180 1263 3264 postulabant

92 3301 112 3344 a
133 3285 284 3349 fratribus
306 3285 446 3366 spetlum
467 3279 588 3348 dimidii
608 3283 694 3351 horti
714 3281 906 3350 Conventus
927 3287 1030 3350 nostri
1063 3305 1122 3370 pro
1141 3305 1258 3357 *mona-

91 3393 191 3454 sterio
212 3391 247 3455 S.
276 3390 411 3454 Antonii
439 3387 642 3473 ampliando:
672 3390 731 3454 sed
752 3391 870 3457 iratres
898 3393 1053 3457 uolebant
1081 3395 1256 3458 consentire

93 3499 126 3553 et
148 3491 223 3554 iorti
244 3494 349 3557 fronte
370 3496 457 3560 Duoi
476 3503 511 3559 et
531 3495 668 3562 Senatui
688 3515 726 3560 se
747 3507 982 3584 opposuerunt,
1013 3506 1146 3581 propter
1174 3497 1252 3582 qnod

88 3594 123 3656 in
149 3611 267 3676 magna
298 3595 519 3679 indignatione
554 3611 733 3688 steterunt,
764 3613 801 3670 ut
835 3614 944 3673 tamon
981 3603 1251 3668 haereseorum

89 3706 225 3779 possent
254 3697 297 3760 ad
323 3716 535 3786 consensum,
564 3709 750 3778 obtulerunt
784 3711 938 3780 iratribus
962 3718 1076 3774 conua
1104 3710 1247 3777 oduntem

87 3801 227 3886 spatium
247 3803 282 3864 in
303 3805 383 3866 mari
404 3815 688 3898 quantumcunque
707 3811 842 3898 vellent,
866 3825 1003 3900 possent
1024 3819 1188 3898 accipere,
1216 3825 1245 3880 et

87 3907 129 3969 de
148 3906 330 3990 sumptibus
360 3908 501 3974 civitatis
527 3914 650 3979 vellent
678 3911 888 3982 fundamento
905 3921 1031 4001 jacere:
1069 3921 1129 3986 sed
1165 3919 1242 3986 l'rior

86 4020 164 4076 tunc
174 4013 337 4098 temporis,
357 4012 452 4078 horno
471 4013 713 4098 imperterritus,
735 4019 933 4086 nullomodo
953 4026 1138 4090 consentire
1157 4023 1240 4090 vole·

85 4114 149 4179 bat.
170 4118 271 4184 Porro
292 4118 420 4184 Domini
430 4119 551 4184 Veneti
569 4119 676 4185 locum
695 4122 786 4186 illum
804 4123 852 4184 ita
863 4124 1061 4191 sollemniter
1082 4130 1239 4197 aeditiourt

84 4237 158 4286 curn
179 4221 325 4292 honestis
342 4222 613 4302 habitationibus,
639 4231 673 4284 et
705 4220 815 4286 multis
835 4226 994 4307 cameris,
1024 4241 1061 4292 ut
1090 4236 1238 4318 peregrini
