2716 4798
674 105 736 170 tto

117 294 324 379 iregbitetaur
345 308 438 357 snam
469 290 591 372 impetu
613 298 783 355 ventorum
803 296 836 350 et
865 303 1025 370 uquarum
1055 287 1317 372 muiringitur3

117 408 174 464 aut
217 405 348 482 propter
381 395 605 480 gubernatoris
645 393 879 477 imperient'nm
917 391 1042 459 tardius
1082 392 1126 458 ad
1169 403 1315 476 pertun

118 502 294 572 deducitur.
326 502 404 565 ldeo
424 508 572 584 quartum
592 500 748 584 generale
764 496 943 582 pericuum
965 496 1040 562 addi
1058 505 1193 582 potest,
1219 499 1314 582 quod

116 608 289 675 mouentur
325 626 367 670 ex
397 604 600 687 impatientia
631 601 685 666 vel
706 621 749 666 ex
781 604 912 686 pigritiu
943 610 999 666 aut
1026 603 1253 686 negligentia
1278 615 1310 666 ct

117 712 329 778 somnolentia
370 709 612 789 nauclerum,
652 717 685 770 et
720 707 783 770 boo
821 709 968 773 similiter
1011 717 1173 790 expertus
1219 727 1310 774 sun„

118 817 283 897 Quantum
303 825 409 883 autem
428 816 472 878 sit
497 812 674 897 pericnlum
696 820 841 895 tempore
857 823 1040 896 ventorum,
1072 831 1137 895 quo
1177 814 1310 898 aliquis

116 924 216 988 babet
232 922 273 985 de
292 919 388 1004 gulia
403 921 437 984 in
457 921 588 984 barcam
612 916 826 1002 descendere,
851 920 905 982 vel
923 919 965 982 de
987 919 1086 984 barca
1104 920 1139 984 in
1161 919 1308 1002 galeam

115 1027 313 1111 ascendere,
345 1025 497 1088 horribile
528 1032 577 1088 est
606 1022 728 1087 videre.
782 1023 918 1107 Oportet
950 1025 1034 1091 enim
1067 1026 1146 1086 tuno
1184 1024 1306 1094 facere

116 1151 253 1217 passum
269 1149 367 1196 unum
382 1139 436 1203 aut
453 1129 581 1213 saltum,
595 1136 628 1190 et
645 1130 677 1191 si
692 1145 772 1193 casn
792 1129 877 1212 pede
897 1147 962 1192 non
979 1129 1127 1211 attigerit
1144 1130 1303 1212 barcam,

118 1247 174 1302 aut
203 1237 348 1322 galbam,
378 1238 411 1298 in
441 1237 559 1299 fretum
592 1234 703 1320 cadet,
736 1245 768 1298 et
796 1237 869 1298 sine
899 1251 960 1316 spe
991 1232 1143 1314 adjutorii
1178 1237 1301 1318 periet.

117 1342 205 1406 Vide
228 1341 268 1404 de
298 1343 362 1404 boc
383 1341 440 1410 iol.
460 1341 512 1404 60.
555 1342 693 1423 Insuper
726 1339 832 1404 adbuc
858 1338 945 1405 aliud
972 1348 1062 1402 extat
1093 1341 1299 1424 perieulum,

118 1445 204 1531 quod
225 1464 290 1508 nen
313 1456 467 1529 expertus
489 1447 674 1528 excogitare
706 1465 770 1508 non
792 1454 920 1528 posset,
944 1463 1014 1510 mcc
1035 1447 1121 1509 inter
1139 1445 1298 1528 pericula

118 1552 153 1613 in
175 1550 266 1612 libris
285 1549 326 1642 de
346 1570 435 1614 mare
455 1551 664 1614 scribentium
684 1552 823 1634 ponitur,
838 1559 872 1612 et
892 1559 1000 1636 tamen
1022 1551 1295 1617 molestissimum

116 1664 179 1738 est,
201 1654 316 1718 accidit
336 1662 443 1718 tamen
465 1655 537 1717 sine
558 1663 694 1720 terrore.
720 1656 806 1719 Dum
825 1657 911 1718 enim
936 1657 1044 1719 cuncti
1064 1657 1158 1718 venti
1182 1657 1293 1718 couti-

117 1768 271 1844 oesennt,
301 1768 443 1824 otmaro
477 1761 686 1844 obmutescit,
715 1770 748 1824 et
775 1761 988 1845 tranquillitos
1010 1761 1155 1844 undique
1177 1760 1291 1843 adest,

117 1864 190 1928 dico
214 1885 272 1948 pro
291 1873 392 1949 certo,
413 1866 542 1948 dempto
562 1866 742 1950 naufragio,
759 1866 843 1948 quod
865 1867 939 1930 talis
959 1866 1177 1950 tranquillitas
1192 1868 1292 1930 maris

116 1979 149 2032 et
170 1971 335 2034 silentium
354 1979 524 2034 ventorum
547 1970 710 2034 molestior
731 1973 959 2054 navigantibus
978 1979 1039 2054 est,
1061 1989 1159 2052 quam
1182 1970 1291 2054 quod-

116 2091 246 2158 cunque
266 2075 422 2142 dictorum
443 2074 670 2158 periculorum.
711 2073 849 2157 Quando
870 2077 954 2138 enim
980 2075 1060 2140 nulli
1081 2077 1164 2140 flant
1183 2076 1288 2157 venti,

115 2187 149 2242 at
169 2195 259 2242 mare
279 2181 352 2242 sine
380 2189 468 2242 motu
498 2188 566 2264 est,
593 2187 627 2240 et
656 2181 750 2244 navia
779 2183 846 2244 lixa
872 2181 1039 2264 subsistit,
1073 2191 1152 2244 tunc
1175 2184 1288 2244 omnia

116 2285 151 2348 iu
173 2284 250 2346 nari
272 2294 491 2369 marcescunt,
523 2294 556 2348 et
577 2293 785 2369 putrescunt,
816 2295 849 2362 et
872 2281 1018 2349 muscida
1045 2284 1144 2368 bunt,
1180 2303 1287 2368 aquae

116 2389 260 2454 foetidae
267 2434 278 2473 ,
308 2391 421 2455 vinum
449 2389 579 2474 mutilo,
611 2408 727 2455 carnes
758 2392 855 2462 etiam
877 2388 1134 2464 desiccatum
1162 2389 1284 2457 sumum

116 2493 302 2558 vermiculis
333 2496 464 2579 plenae,
493 2505 571 2560 tunc
603 2495 708 2558 subito
740 2503 936 2576 generentur
965 2493 1112 2563 infinitae
1140 2513 1284 2576 mrrscae,

116 2599 257 2682 culices,
276 2599 419 2681 pulices,
440 2599 598 2682 pediculi,
622 2618 768 2682 vermes,
790 2617 910 2684 mures,
933 2606 964 2660 et
985 2598 1096 2682 glires,
1116 2607 1150 2662 ct
1170 2617 1282 2664 omnes

114 2703 263 2767 homines
282 2703 316 2764 in
338 2706 415 2766 navi
435 2703 610 2766 redduntur
629 2705 723 2786 pigri,
740 2705 941 2788 somnolenti,
955 2703 1115 2768 caloribus
1134 2704 1281 2788 squalidi,

117 2807 327 2891 passionibus
360 2807 526 2889 tristitiae,
558 2809 642 2891 irae,
674 2807 816 2871 invidiae
844 2811 1050 2892 impatientes
1081 2818 1115 2872 et
1147 2812 1280 2875 caeterb

116 2909 417 2992 indispositionibus
453 2913 589 2995 gravati.
629 2915 760 2977 Paucos
795 2914 863 2978 vidi
895 2915 929 2976 in
961 2914 1100 2998 navibus
1147 2913 1226 2976 mori
1244 2917 1275 2976 in

115 3014 381 3099 tempestatibus,
403 3016 522 3079 multos
554 3027 661 3084 autem
689 3022 721 3082 in
748 3015 955 3104 bonoribus,¹¹
971 3019 1034 3082 boc
1054 3001 1114 3080 ‘est
1129 3003 1276 3082 tn'navre

116 3119 203 3184 diota
224 3121 342 3204 quiete,
364 3121 432 3186 vidi
454 3120 593 3185 defluere
611 3133 647 3186 et
667 3127 756 3187 mori.
791 3124 842 3187 Dc
862 3125 914 3189 bis
936 3123 1223 3211 omuibuspatebit
1241 3125 1274 3186 in

115 3245 281 3310 processu.
304 3225 389 3292 Aliis
406 3227 589 3290 nominibus
608 3229 814 3292 inveniuntur
825 3228 969 3311 pericula
983 3228 1081 3292 maris
1109 3227 1274 3310 designari,

114 3331 150 3396 u't
177 3334 292 3420 dicitur
319 3332 478 3419 quoddam
497 3332 674 3416 perieulum
696 3334 936 3418 bythalessum,
958 3314 1075 3420 syrtis,
1098 3331 1269 3414 charybdis.

114 3437 358 3522 Bythalassum,
374 3437 501 3520 quando
512 3437 577 3501 duo
593 3440 694 3502 maria
704 3447 906 3521 eorreurrunt,
916 3457 958 3500 ex
973 3456 1107 3520 quorum
1124 3453 1270 3500 concursu

114 3540 210 3604 rravis
242 3541 402 3604 fluctuans
430 3543 637 3624 periclitatur.
681 3541 789 3626 Syrtis
811 3543 917 3626 locus,
950 3544 1005 3605 ubi
1026 3540 1143 3625 cumuli
1164 3559 1269 3604 aranee

114 3653 204 3727 sunt,
225 3653 259 3707 et
279 3647 333 3709 ubi
367 3664 455 3708 mere
476 3647 646 3730 inaequale
679 3658 745 3734 est,
778 3649 824 3711 ita
845 3649 931 3734 qnod
950 3651 985 3716 in
1019 3667 1084 3710 uno
1106 3647 1173 3710 loeo
1194 3664 1268 3729 aqua

113 3748 274 3834 profunda
294 3758 361 3832 est,
383 3759 416 3812 et
436 3768 537 3832 prope
558 3761 608 3813 est
630 3771 715 3837 aqua
736 3753 877 3837 vadosa,
909 3751 964 3816 vel
987 3753 1042 3818 ubi
1071 3753 1150 3816 mari
1168 3753 1266 3816 insunt

115 3853 241 3934 scopuli
263 3849 390 3935 occulti,
412 3851 453 3914 ad
475 3871 557 3934 quos
579 3856 673 3917 navis
696 3841 866 3921 transiens
878 3867 986 3942 potest
1006 3858 1148 3952 impingi.
1184 3855 1265 3940 dha·

113 3957 226 4041 rybdis
247 3955 424 4021 secundum
442 3957 589 4020 fictiones
609 3961 776 4040 peritarum
799 3962 857 4026 iuit
879 3963 1036 4046 quaedam
1051 3960 1161 4025 vetula
1177 3977 1263 4029 voro·

113 4055 264 4146 cissimo,
304 4078 388 4147 quae
426 4063 502 4145 quia
536 4064 638 4125 boves
669 4065 822 4130 Herculis
855 4069 960 4130 furata
988 4069 1111 4150 fuerat,
1146 4065 1267 4128 adore

115 4163 284 4230 fulminata
315 4172 383 4246 est,
418 4172 450 4227 et
472 4161 550 4244 (45
561 4164 611 4247 Δ)
634 4167 668 4228 in
689 4183 778 4231 mare
808 4171 1036 4256 praecipitata,
1067 4187 1265 4266 quaeroque
