2792 4778
618 141 682 226 mn

66 325 133 402 De
170 331 278 427 petra
317 323 474 410 mirabili
499 326 662 408 scissura
693 333 799 426 roptn
824 324 859 400 in
884 325 1059 428 passione
1081 325 1235 402 Domini.

154 507 304 592 uxpletis
344 485 600 590 peregrinatione
639 507 756 571 ciliciis
790 509 884 591 juxta
921 505 1044 572 fontem
1076 487 1240 592 gloriosae

65 609 197 676 Mariae
218 610 367 696 Virginis
390 611 527 676 ulterius
548 614 768 696 processimus
790 622 823 676 ct
844 621 985 679 montem
997 612 1078 676 Sion
1102 613 1239 698 gyravi-

65 735 144 780 mus
165 725 277 788 cantra
298 717 471 782 australem
493 717 564 800 eJ'us
584 717 713 801 plagam
740 727 867 801 euntes,
892 726 926 780 ct
950 717 994 780 iti
1017 715 1136 780 vallem
1148 716 1239 782 Siloa

65 824 214 906 ingressi
232 831 346 888 contra
368 821 568 888 occidentem
590 823 740 889 venimus
762 824 804 888 ad
817 823 956 887 rivulum
966 839 1131 906 aquarum,
1156 838 1241 906 quaa

65 937 186 1019 contra
221 926 342 993 vallam
375 928 536 1011 Josaphat
568 946 642 994 cnm
675 929 805 992 silentio
832 937 1018 1015 transouut3
1050 935 1087 992 ut
1124 925 1240 990 dicitur

66 1033 208 1098 Jesaiac
238 1031 646 1124 V111.,neaquisf0mis
673 1033 763 1099 Siloa
791 1028 870 1098 sinc'
891 1033 1028 1116 strepitu
1053 1038 1092 1094 'et
1120 1021 1238 1108 soriti,

65 1138 235 1230 l’erillum
252 1155 330 1222 ergo
344 1138 483 1202 rivulum
496 1137 712 1222 ascendimus,
734 1141 788 1224 qui
810 1139 949 1202 decurrit
968 1137 1111 1202 adlatus
1123 1137 1239 1200 montis

67 1243 177 1328 Syon,
200 1252 232 1306 et
247 1241 289 1305 ad
304 1243 411 1306 locum
432 1245 591 1327 venimus,
611 1244 666 1307 ubi
688 1241 729 1307 de
753 1243 859 1308 rivulo
882 1244 1051 1325 consurgit
1062 1250 1154 1325 petra
1163 1239 1239 1325 alta,

66 1349 168 1434 quasi
187 1363 248 1434 pes
278 1349 397 1411 montis
419 1348 529 1434 Syna,
555 1357 587 1410 et
608 1347 666 1411 illa
693 1359 786 1432 petra
814 1350 954 1414 habeta
980 1336 1106 1412 summo
1134 1363 1240 1430 usque

67 1455 224 1520 deorsum
243 1470 392 1536 magnam
413 1455 601 1537 scissuram,
622 1455 677 1538 ita,
700 1454 787 1538 quod
807 1455 903 1518 homo
918 1460 1028 1539 potest
1048 1454 1122 1514 sine
1142 1469 1255 1534 pres-o

67 1578 152 1649 sura
176 1559 296 1623 intrare
327 1566 492 1642 rupturam
522 1560 619 1644 rupis
662 1559 785 1623 Dicunt
814 1566 932 1642 autem,
954 1559 1038 1622 hanc
1063 1557 1240 1624 scissuram

67 1668 104 1732 in
127 1665 282 1750 passione
302 1663 433 1728 Domini
454 1664 585 1748 iactam,
606 1666 690 1729 sicut
713 1665 828 1728 dicitur
849 1663 964 1730 Matth.
987 1663 1049 1730 dli:
1068 1669 1108 1746 ¹ot
1130 1672 1240 1746 petrae

68 1773 201 1836 scissae
230 1778 315 1858 sunt,
359 1767 609 1832 'l'ransilivimus
636 1788 714 1852 crgo
741 1771 896 1854 rivulum,
928 1776 961 1831 et
989 1787 1047 1852 por
1076 1777 1239 1850 rupturam

69 1876 217 1966 ingressi
238 1891 367 1956 sumus,
389 1891 494 1957 nsque
515 1892 579 1958 quo
600 1885 731 1961 propter
751 1879 882 1940 umbras
901 1875 1038 1937 ulterius
1065 1869 1241 1955 procedere

69 1981 215 2072 amplius¹
233 1981 307 2046 ausi
325 1997 392 2044 non
412 1979 543 2042 luimus

71 2227 339 2308 Deuotatcria
362 2223 487 2321 Siloa,
529 2227 564 2304 iu
599 2253 669 2329 qua
700 2251 744 2306 se
769 2203 860 2308 lavit
891 2247 1027 2302 coecus
1061 2233 1103 2300 et
1127 2224 1242 2302 visam

583 2352 737 2454 recepit.

159 2531 213 2596 Ila
233 2541 366 2618 ruptura
385 2543 497 2619 patrae
518 2543 686 2618 exeuntes,
711 2544 746 2599 ct
765 2531 931 2599 fluviolum
943 2531 1033 2598 Siloa
1052 2526 1242 2596 transilien-

73 2645 132 2703 ιω
150 2638 287 2705 ulterius
310 2643 425 2704 ccntm
445 2641 548 2702 rivum
565 2638 774 2704 ascendimus
798 2657 903 2721 nsque
918 2637 959 2701 ad
973 2634 1131 2700 natatoria
1142 2629 1246 2714 Siloa,-

73 2742 230 2827 adquam
243 2745 433 2808 natatoriam
451 2744 539 2811 misit
547 2742 648 2808 Jesns
657 2743 870 2828 Calidoniam,
880 2759 1012 2808 coccum
1027 2760 1047 2804 a
1061 2739 1242 2819 nativitate,

73 2848 307 2938 art-lavaretur.
350 2850 394 2921 m
415 2849 511 2930 lavit,
538 2856 573 2912 et
593 2849 854 2932 visumreccpit,
884 2857 920 2912 at
941 2847 1064 2917 dicitur
1080 2844 1157 2929 inlr.
1184 2841 1241 2904 lX.

72 2953 173 3019 Hauc
192 2953 355 3017 natatoria
375 2953 455 3016 nihil
476 2953 563 3022 aliud
584 2954 655 3038 luit,
676 2957 740 3019 nisi
759 2955 921 3041 quoddam
936 2949 1244 3037 stagnumpfactum,

74 3058 142 3122 sub
163 3056 253 3122 fonto
273 3053 374 3142 Siloa,
395 3061 430 3122 in
451 3057 539 3146 quad
558 3057 794 3144 colligabantur
814 3045 918 3146 aquae
938 3061 1078 3124 direntes
1090 3055 1244 3136 daianm,

76 3161 330 3246 circumseptum
370 3163 531 3248 lapidibus
568 3174 605 3228 ct
644 3166 751 3248 tarra,
791 3170 877 3235 sicat
908 3165 1011 3250 apud
1029 3182 1090 3229 nos
1122 3161 1245 3226 iaciunt

77 3266 233 3350 piscinas.
289 3269 327 3332 ln
355 3269 412 3339 illa
431 3272 594 3337 natatoria
618 3289 708 3356 ,nnnc
733 3269 823 3334 nulla
844 3279 894 3334 est
915 3287 1022 3353 aqna,
1050 3267 1126 3350 qnia
1153 3268 1244 3329 rivus

77 3371 406 3457 incommonitum,
437 3374 499 3439 sed
529 3375 571 3440 ad
603 3375 689 3441 latus
719 3376 793 3458 cius
822 3375 997 3458 pertransit
1029 3369 1241 3436 descendens.

80 3472 219 3554 Quidam
234 3475 432 3542 Sarracenos
453 3496 540 3543 nuuc
560 3479 738 3562 plautatum
759 3481 858 3546 habat
877 3480 1003 3565 hortum
1026 3475 1149 3541 olerum
1161 3476 1245 3538 inter

78 3598 189 3672 muros
219 3581 416 3664 natatoriae,
447 3591 481 3646 et
501 3583 658 3667 quaedam
679 3585 812 3652 arbores
839 3585 874 3648 in
896 3602 936 3646 aa
956 3585 1139 3648 creverunt.
1180 3579 1246 3644 His

79 3695 191 3751 tamam
211 3703 277 3748 nnn
298 3687 504 3758 obstantibus
522 3689 628 3759 lacum
650 3690 792 3774 ingrcssi
819 3706 944 3771 sumus,
970 3694 1102 3772 propter
1124 3683 1246 3749 Christi

79 3791 246 3872 antiquum
267 3792 457 3860 miraculum
478 3794 525 3858 ilai
545 3794 730 3878 factumst
751 3796 897 3860 oratione
919 3795 1008 3859 dicta
1025 3791 1246 3878 indulgentias

13 3947 14 3950 ,
80 3895 262 3979 recepimus
284 3896 351 3978 (ᾧ).
394 3899 433 3960 lu
454 3897 593 3982 quodam
620 3900 874 3989 peregrinatorio
902 3899 986 3984 lagi,
1013 3897 1100 3983 quad
1126 3899 1161 3975 iu
1187 3897 1246 3960 illa

81 4002 241 4072 natatoria
263 4019 302 4066 sc
322 4001 403 4065 lavit
423 4003 617 4086 Bathsabea,
637 4023 719 4070 uxor
752 4003 864 4088 Uriae,
895 4003 1024 4089 qnando
1045 4023 1132 4069 eam
1151 4002 1247 4090 ⁸vidit

81 4104 191 4168 David
213 4125 256 4170 ex
277 4105 416 4174 advorso
437 4107 551 4174 domus
570 4127 671 4192 suae,
702 4117 737 4172 ct
757 4111 960 4195 concupivit,
982 4127 1024 4174 ae
1045 4108 1135 4174 tulit.
1178 4105 1246 4169 Sed

82 4209 145 4274 hoc
166 4227 242 4306 agol,
249 4212 431 4298 intelligere
443 4233 507 4280 non
518 4232 662 4300 possum,
683 4215 951 4302 cnmrrcnpossit
966 4216 1042 4280 c'ssa
1049 4218 1247 4298 prospectus

976 4315 1011 4373 2⁷
