2608 4842
756 89 821 156 stt

206 275 346 342 omniurn
368 273 599 358 discipulorum
618 273 886 356 praenunciavit:
907 287 1093 336 sermonem
1115 271 1288 336 dulcissin

207 379 340 466 longum
362 380 452 464 iecit,
464 390 497 443 et
517 378 760 443 ultimumVele
779 378 833 443 his
854 379 923 441 suis
941 376 1113 461 discipulis
1123 395 1245 462 pacem
1257 394 1291 438 re

208 487 312 572 Igitur
332 503 406 550 cum
438 487 526 573 circa
554 485 660 547 locur'n
692 482 781 546 illurn
804 485 912 546 omnia
936 483 1191 565 perfecissemus
1217 500 1292 549 cm

209 591 367 676 legendo,
395 605 481 674 qnae
511 591 640 673 signata
674 595 767 650 eraut
797 588 830 648 in
861 589 1096 670 processionali
1116 591 1294 674 peregrina

210 709 317 762 terrae
337 703 482 779 sanctae,
503 711 576 758 cum
596 695 773 778 gratiarum
795 693 925 756 actione
955 695 1162 757 recessimus.
1217 695 1296 756 Hali

209 803 295 868 cuim
308 798 571 886 processionalis,
583 797 698 880 libelli,
715 797 883 880 inquibus
904 815 1018 860 omnes
1034 800 1199 881 versiculi,
1218 799 1296 862 colb

207 906 414 993 responsoria
441 906 612 988 signantur
641 908 676 965 et
704 902 816 984 hymni
846 909 880 964 et
905 903 1023 984 psalmi
1055 904 1144 968 circa
1172 904 1249 967 loca
1276 936 1289 955 .-

207 1012 349 1098 logenda
371 1017 405 1073 et
426 1008 587 1072 cantanda
608 1027 667 1091 per
691 1007 799 1069 omniu
817 1005 1245 1092 locotronsmarinaeper·‚

208 1120 325 1182 nionis.
367 1117 422 1178 De
439 1114 491 1179 his
518 1111 636 1188 libellis
658 1129 720 1195 ego
742 1114 926 1195 comparavi
947 1131 1048 1177 unurn
1062 1135 1127 1198 pro
1146 1133 1207 1197 me,
1228 1131 1287 1195 qu

205 1209 256 1287 'ini
280 1224 314 1288 in
334 1222 417 1288 loeis
436 1217 569 1282 sanctis.

506 1383 621 1460 nono
645 1383 780 1488 perum
801 1383 852 1460 tn
874 1383 943 1463 fun
965 1385 1078 1462 saec

290 1567 345 1630 Ad
369 1561 426 1630 illo
444 1565 516 1632 loco
537 1567 579 1632 ad
600 1568 744 1633 dextram
766 1577 891 1651 partem
910 1570 1001 1633 chori
1014 1568 1157 1632 ulterius
1170 1535 1300 1704 proces&

207 1691 280 1737 cum
294 1673 443 1736 cantibus
465 1672 507 1737 ed
527 1672 713 1738 mandatum
734 1677 768 1736 in
791 1673 843 1737 die
864 1661 985 1737 coenae
1006 1674 1137 1736 cantari
1158 1671 1282 1737 consue'

209 1778 251 1844 ad
274 1778 379 1842 locum
402 1795 530 1842 sacrum
551 1779 713 1862 venimus,
733 1780 767 1842 in
787 1797 851 1862 quo
873 1779 1031 1842 Dominus
1055 1779 1163 1840 Jesus
1184 1687 1300 1854 lemtpd

207 1904 338 1951 suorum
359 1883 588 1966 discipulorum
600 1893 674 1966 post
696 1902 840 1949 coenam.
863 1886 901 1946 lu
922 1885 984 1948 hoc
1006 1891 1062 1946 est
1082 1883 1190 1946 altare
1209 1879 1253 1963 pul

209 1999 287 2054 ante
309 1989 394 2073 quod
405 1991 556 2071 prostrati
577 1989 681 2053 locum
694 1989 970 2070 deosculabamur,
992 1996 1024 2050 et
1046 1987 1257 2070 indulgentius
1271 1997 1298 2040 tn

209 2089 409 2173 pimus(††).
432 2093 500 2157 Sed
510 2113 625 2176 precor
638 2103 671 2156 te
692 2092 809 2158 dilecte
830 2094 1011 2176 peregrine,
1029 2101 1068 2155 ut
1084 2111 1153 2156 nec
1174 2093 1212 2154 el>
1228 2057 1300 2152 lorii

209 2193 361 2258 discedas
382 2199 454 2261 sine
474 2201 608 2281 praevia
627 2199 904 2281 contemplatione.
948 2197 1035 2261 Vide
1069 2205 1103 2260 et
1135 2189 1298 2262 considenl

209 2302 402 2385 stupendum
418 2313 548 2387 gestum
567 2307 741 2388 negotium.
763 2303 850 2366 Nam
871 2304 934 2367 Dei
954 2303 1041 2367 iilius
1061 2313 1200 2366 aeterna
1218 2297 1290 2363 diri'

208 2417 326 2490 potens
348 2417 381 2471 et
412 2410 570 2492 genitoris
591 2410 708 2472 mentis
730 2407 965 2492 pulchritudine
984 2406 1138 2490 pollens,
1162 2409 1215 2490 qui
1232 2405 1273 2468 uni

208 2512 296 2576 nullo
319 2514 495 2596 opitulante
513 2513 658 2577 subsidio
671 2514 814 2577 condidit
835 2522 867 2576 ct
879 2497 1055 2594 decoravit,
1079 2515 1136 2575 cui
1148 2531 1238 2574 omne

208 2625 242 2678 et
262 2618 341 2699 vagi
360 2619 526 2682 stellarum
548 2627 654 2682 motus
671 2620 863 2702 inserviunt,
885 2619 946 2681 sul>
967 2636 1048 2701 quo,
1076 2627 1114 2680 ut
1147 2619 1192 2680 ait
1215 2615 1275 2692 Jol,

210 2727 339 2801 vantur,
361 2723 417 2802 qui
437 2726 696 2808 portantorlrem‚
720 2723 860 2787 divinem
887 2722 1090 2785 altitudinem
1114 2721 1201 2785 adeo
1223 2717 1280 2782 inc'

210 2831 309 2904 etque
328 2823 460 2888 deflexit
480 2826 534 2890 hic
554 2826 589 2888 in
613 2828 667 2892 illo
689 2828 776 2913 loco,
808 2836 845 2892 ut
878 2827 980 2910 pedes
1013 2826 1218 2904 immundos,
1238 2819 1290 2885 lo'

210 2927 336 2990 lutosos
359 2927 599 3014 discipulorum,
620 2933 838 3018 servulorum,
850 2933 1057 3015 piscatorum,
1068 2941 1268 3014 peccatorum

210 3029 405 3118 proditorum
418 3038 488 3100 suis
501 3037 572 3122 ipse
583 3039 732 3103 manibus
744 3038 880 3102 dilueret
891 3039 926 3102 in
936 3036 1187 3102 saluberrimum
1198 3027 1295 3113 exenp'

210 3199 271 3280 De
295 3201 450 3299 luduin
478 3225 549 3304 quo
573 3204 707 3280 missus
732 3204 802 3280 tuit
826 3202 988 3306 Spiritus
1019 3210 1176 3279 saneim
1196 3204 1300 3304 Aput

304 3321 308 3328 ·
596 3303 634 3380 in
659 3303 721 3380 die
743 3304 999 3381 Pentecostes.

294 3443 545 3532 Consequentur
571 3447 694 3529 incepit
719 3455 832 3511 cantor
859 3449 1015 3531 hymnum
1039 3441 1291 3527 Jocundtssmm

211 3546 347 3611 canticis
376 3549 486 3634 Syon:
521 3553 607 3622 Veni
637 3559 764 3616 creator
792 3550 952 3634 Spiritus,
982 3559 1110 3614 mentes
1132 3557 1199 3616 eto.
1238 3547 1300 3608 litt

210 3649 267 3713 illo
295 3662 391 3718 cantu
429 3658 555 3738 egressi
585 3659 704 3722 ruimus
733 3654 774 3718 de
812 3637 953 3719 ecclesia
983 3657 1017 3718 iu
1047 3662 1243 3718 conventum
1274 3659 1300 3720 st

212 3756 380 3838 ambitum,
403 3760 479 3840 quia
497 3765 570 3844 ipso
591 3763 710 3826 chorus
732 3768 765 3822 et
786 3761 928 3824 ccclesia
950 3768 1027 3824 sunt
1047 3777 1148 3841 supra
1169 3757 1233 3819 alio
1251 3745 1300 3816 leti

211 3857 286 3920 cula
315 3857 502 3947 aedificata,
531 3865 579 3929 ita
609 3865 696 3951 quod
722 3864 866 3950 undiquc
899 3885 957 3952 per
990 3863 1113 3947 gradus
1147 3863 1183 3925 in
1209 3851 1300 3924 eoclcd

212 3960 415 4045 ascenditur,
445 3974 478 4027 et
508 3966 550 4028 dc
572 3971 713 4035 ecclesis
733 3989 832 4055 supra
860 3970 1056 4036 testudinem
1078 3967 1210 4032 claustri
1230 3963 1300 4028 rell

211 4065 299 4129 bitus
321 4065 476 4130 circuitur
495 4088 555 4152 per
575 4081 643 4138 tres
663 4086 773 4160 partes
795 4077 919 4163 quadri.
954 4075 1032 4140 Non
1053 4074 1140 4138 enim
1161 4059 1300 4136 noted

211 4177 268 4236 tus
289 4170 353 4236 nisi
373 4177 442 4238 tres
462 4182 592 4261 partos,
612 4187 645 4244 ct
666 4191 781 4263 quarta
806 4200 886 4269 pars
907 4189 959 4247 est
979 4177 1142 4244 ecclesiae
1161 4193 1270 4242 murus
1295 4159 1300 4224 l

226 4329 358 4505 ἢ..
