2792 4778
681 131 745 199 m
814 91 823 118 Ι

124 311 262 394 uineae,
283 307 402 391 stud,
424 309 545 375 hahent
565 312 650 376 enim
668 311 724 378 itti-
737 313 779 376 de
799 315 983 383 Jerusalem
1002 319 1115 389 hortos
1136 335 1216 386 suos
1236 322 1293 395 ibi.

124 415 276 500 Cumque
296 421 391 478 extra
410 415 524 481 hortus
543 418 760 503 uenissernns,
775 419 816 484 ad
834 419 939 486 locum
956 418 1293 509 ruinarumflrnurorurn

122 530 272 598 veterum
295 521 462 605 venimus,
484 531 517 584 et
537 523 584 587 ihi
604 521 716 590 dieunt
737 524 843 588 inisse
862 527 1053 612 hospitium,
1082 533 1116 592 in
1138 547 1203 615 quo
1224 540 1292 596 tres

123 644 224 712 reges
253 626 469 712 diverterunt,
507 627 638 712 wando
667 644 745 712 aum,
772 632 841 696 suis
874 635 1064 698 muneribus
1104 635 1293 702 Bethlehem

120 731 420 820 proficiscebantur.
472 733 553 796 lude
584 743 825 819 consequenter
852 738 991 822 preteeti
1017 755 1130 803 sumus
1136 785 1147 824 ,
1183 751 1216 804 et
1248 742 1291 806 ed

122 837 232 904 lesum
259 845 423 921 petrosum
452 839 620 923 uenimus,
651 844 687 902 in
706 859 772 924 quo
801 841 929 925 diens,
957 843 1044 927 qued
1069 845 1164 908 heata
1189 848 1292 930 Virgo

122 942 229 1007 diaria
247 940 390 1024 ¹grauida.
403 943 551 1008 residens
571 948 758 1029 pausaverit
770 945 821 1010 'ad
832 945 1072 1033 respirandum,
1085 957 1119 1012 et
1138 959 1292 1016 ostensus

123 1051 221 1112 nabis
250 1047 319 1113 ”fuit
347 1047 439 1110 laetus
469 1050 627 1137 sessionis
657 1066 748 1116 suae.
776 1053 828 1138 31¹²
855 1054 918 1118 hee
944 1061 1023 1138 ergo
1052 1054 1125 1118 loeo
1155 1054 1228 1137 (B)
1250 1055 1293 1146 de

123 1153 228 1220 esuris
249 1151 463 1236 mdirimtns,
486 1162 519 1216 et
538 1155 813 1227 iourm.venerati
833 1175 946 1222 sumus
967 1169 1007 1244 et
1034 1159 1142 1224 nutari
1169 1162 1292 1242 pariter

124 1267 159 1324 et
181 1258 330 1322 delectati
351 1259 385 1320 iu
405 1259 468 1322 hue
487 1259 578 1344 luen,
595 1263 682 1328 sieut
701 1270 736 1324 et
756 1263 791 1326 iu
819 1269 888 1327 tota
908 1265 982 1347 vie,
1010 1251 1174 1348 eompassi
1195 1267 1291 1328 etiam

124 1363 317 1431 teuurimae
338 1361 556 1445 etgravidau
570 1367 691 1453 uirgini
716 1383 776 1450 pru
791 1376 860 1454 taur
882 1368 979 1452 lengo
1000 1370 1117 1434 itiuere
1138 1369 1291 1432 aNaua-

124 1468 197 1540 reth
217 1485 321 1551 usque
339 1469 551 1553 Betiniehem,
576 1469 651 1554 pius
672 1490 768 1556 qnam
785 1473 820 1536 Κ
833 1477 1077 1541 teutonicorum
1098 1474 1290 1539 milliarium.

115 1573 220 1640 -Uude
239 1572 369 1656 quidam
391 1571 530 1638 devotus
550 1579 744 1658 peregrinus
763 1578 798 1640 in
819 1577 882 1642 hee
900 1577 973 1644 loeo
991 1587 1101 1642 metue
1125 1581 1165 1642 s'e
1183 1578 1292 1661 junxit

124 1678 312 1772 uenerabili-
326 1677 472 1762 ioseph,
494 1695 534 1742 an
552 1681 587 1742 si
617 1699 690 1744 enm
703 1681 864 1766 ‘gravida
876 1681 999 1764 juvene
1020 1685 1116 1753 etiarn
1138 1683 1183 1748 ibi
1205 1685 1291 1746 resi-

124 1782 207 1850 dens
228 1784 412 1866 quiesceret
426 1787 465 1848 ‹iu
486 1789 661 1869 praesenti,
679 1796 712 1850 et
731 1785 782 1850 his
800 1788 911 1852 verbis
932 1807 1111 1872 aggressus
1129 1797 1180 1852 est
1199 1808 1290 1851 enm:

123 1889 301 1972 emnpatinr
321 1889 442 1973 uirgini
470 1899 602 1956 tumme
621 1899 666 1954 et·
679 1882 853 1974 gravidae,
884 1910 943 1954 eur
963 1911 1054 1975 earu,
1080 1910 1101 1956 o
1122 1893 1207 1954 hone
1226 1893 1292 1955 Jo-

124 1996 224 2078 seph,
246 1993 287 2057 ad
308 1994 368 2060 hus
389 1994 472 2058 sitos
493 2003 527 2056 et
552 2011 688 2078 asperos
709 2001 836 2060 mentes
862 1993 981 2059 dussis
1001 2004 1108 2060 teeutn
1130 1992 1293 2060 voluisti?

125 2098 237 2190 Quare
258 2117 329 2167 eam
349 2117 416 2164 non
436 2101 472 2164 in
499 2099 668 2167 Nazareth
688 2101 723 2162 iu
749 2102 860 2184 quiete
881 2100 1051 2184 dimisisti,
1081 2110 1114 2164 et
1128 2100 1199 2164 ¹nisi
1225 2099 1291 2165 fide

124 2207 322 2272 illuminatus
344 2224 462 2289 essem,
476 2205 593 2289 -preeui
615 2205 712 2271 dubio
731 2215 765 2270 te
785 2205 971 2292 zelotypum
989 2205 1186 2289 judicarem,
1208 2224 1289 2299 uesq

126 2313 175 2376 eis
196 2330 335 2396 quaeso,
358 2328 455 2395 quum
474 2313 729 2396 praegnantibus
751 2321 784 2375 et
804 2311 994 2393 praesertim
1027 2311 1135 2395 partui
1154 2310 1289 2404 propin7

125 2420 210 2503 quis.
227 2428 333 2482 motus
354 2426 405 2482 est
423 2418 575 2500 nocivius,
597 2420 693 2481 etiam
715 2416 880 2483 molestus.
900 2451 905 2461 ·
925 2413 1012 2496 Quid
1040 2415 1082 2492 ad
1104 2435 1176 2478 mm
1198 2414 1289 2510 Cae-¹

125 2523 225 2588 saris.
240 2519 442 2606 descriptio?
468 2521 636 2606 Numquid
657 2522 781 2605 nereis,
816 2519 903 2606 quod
932 2521 1083 2587 mtdieees
1105 2529 1291 2603 neuurget

125 2627 270 2714 Augusti
280 2622 447 2692 edietum?
463 2625 606 2688 Putasne
618 2625 843 2694 describantur
855 2627 931 2708 nati,
943 2635 1115 2710 antequam
1125 2622 1216 2690 nati'i
1229 2633 1290 2690 ete.

124 2733 179 2797 Ad
200 2733 282 2796 haee
302 2732 428 2814 doseph
447 2729 589 2812 ineunte
623 2731 760 2801 intuitus
780 2731 986 2814 peregrinum
1014 2732 1132 2815 inunt,
1154 2747 1292 2815 respou-

126 2837 190 2913 ditt
221 2839 299 2920 quia
322 2845 359 2899 ut
384 2835 491 2923 tidelis
512 2843 545 2896 et
574 2833 638 2898 fide
659 2834 857 2908 illuminatus
878 2831 1020 2918 loqueris
1050 2835 1143 2918 mihi,
1175 2834 1292 2898 fideles

127 2943 193 3026 tibi,
216 2962 235 3005 ο
255 2930 434 3024 peregrine,
457 2940 598 3003 rationes
619 2939 698 3005 faeti
719 2941 906 3023 assignabo.
932 2939 1033 3010 Audi.
1061 2939 1291 3026 cogitaveram

123 3047 273 3133 quidem,
295 3045 405 3112 audite
425 3045 579 3109 Caesaris
603 3043 727 3127 edicto,
750 3045 970 3129 virginem-in
991 3045 1161 3110 Nazareth
1182 3043 1291 3109 dimit-

125 3161 204 3221 tere.
249 3133 316 3216 Sed
337 3169 441 3236 grave
462 3151 644 3233 mitteret,
665 3157 788 3216 tautum
822 3152 1009 3240 thesaurum
1040 3152 1120 3214 mihi
1140 3149 1291 3233 singula-

125 3261 215 3342 riter,
230 3259 438 3327 commissum
466 3255 547 3320 adeo
574 3263 650 3338 post
675 3273 728 3318 une
768 3255 967 3338 relinquere,
997 3273 1059 3318 nee
1086 3256 1214 3334 inveni,
1237 3255 1291 3316 eni

125 3383 257 3449 possem
279 3363 459 3452 depositum
479 3361 542 3425 hoe
562 3363 762 3423 immensum.
775 3359 983 3443 summittere.
1030 3359 1140 3422 Grave
1157 3360 1291 3440 insuper

126 3469 203 3534 mihi
237 3476 305 3530 erat
317 3508 328 3550 ,
363 3467 481 3528 abesse
510 3473 576 3526 tana
596 3463 879 3548 splendidissimae
900 3464 1080 3548 nativitati,
1119 3461 1161 3526 ad
1191 3481 1288 3548 qnam

15 3615 23 3645 ,
125 3574 307 3636 ministrare
325 3571 402 3635 totis
423 3567 619 3654 ppaeeordiis
645 3569 842 3652 gaudebam.
881 3567 990 3653 Super
1018 3570 1080 3634 hoe
1102 3567 1291 3664 scripturae

126 3696 189 3742 rnen
215 3677 349 3758 ignarus
369 3677 456 3757 sein,
487 3672 615 3756 dunen,
645 3693 742 3758 quern
764 3675 968 3756 virgehaee
996 3676 1149 3759 paritura.
1168 3683 1235 3757 est,
1256 3669 1290 3737 i'n

124 3781 312 3846 Bethlehem
340 3779 540 3845 nascendum
560 3777 603 3843 ad
624 3777 802 3862 regendum
830 3779 985 3862 populum
1010 3779 1124 3844 lsrael.
1169 3778 1237 3842 Sed
1258 3785 1291 3842 et

15 3901 19 3925 ⁸
125 3891 196 3974 ipsa
217 3887 329 3972 virge,
351 3903 403 3948 me
424 3883 614 3966 dispositum
637 3883 678 3946 ad
696 3885 758 3948 iter
776 3901 932 3969 cerneus,
953 3883 1139 3949 nullatenus
1160 3901 1292 3948 manere

126 3993 247 4077 voluit,
269 3990 330 4061 sed
347 3999 509 4076 tamquam
528 3987 570 4052 ad
591 3990 721 4071 nuptias
741 3997 860 4054 vocata
888 4007 1014 4092 meeum
1047 3992 1099 4056 ire
1121 3989 1292 4054 celerrime

125 4116 163 4162 se
184 4095 361 4182 disposuit,
381 4096 416 4160 in
435 4093 559 4164 somnis
576 4093 673 4156 etiam
695 4094 833 4177 angelus
853 4095 932 4160 mihi
952 4095 1098 4179 adstitit,
1128 4103 1161 4158 et
1185 4093 1292 4178 virgig-

18 4212 27 4234 '
124 4221 197 4272 nam
217 4201 386 4288 gaudem
413 4218 539 4269 meeum
560 4200 608 4264 ire
627 4201 814 4284 praecepit,
850 4210 886 4270 ut
907 4220 1044 4286 puerum
1073 4208 1185 4269 natum
1214 4217 1292 4304 naux
