2644 4786
671 93 750 160 *tto

136 271 363 348 lilonicum,
391 270 488 334 mam
514 280 642 358 praeter
671 273 843 356 mysticum
872 272 1169 358 sigrrtficatiouem,
1188 275 1284 338 luent

136 377 242 452 exilis.
283 376 404 440 Dicunt
431 377 516 439 enim
533 443 534 448 ,
554 378 738 460 historice,
755 377 843 462 quod
869 381 1017 462 primus,
1038 380 1217 462 Melchior,
1242 399 1285 444 rrx

137 481 292 561 Arabum,
318 479 432 544 obtulit
452 498 562 544 nurum
574 484 609 544 in
624 483 773 565 pecunia,
794 490 828 544 et
850 501 989 565 parvum
1005 502 1153 566 pennum
1165 503 1285 564 sumn,

136 588 192 672 qui
213 603 310 648 mnnu
330 584 480 649 concludi
501 593 637 668 poteret.
680 587 779 650 Hunc
798 605 945 669 pannum
960 588 1154 654 Alexander
1167 594 1286 672 nagan

137 692 303 776 occipiens
334 689 386 764 (le,
404 691 553 754 ominibus
585 692 682 754 terris
716 691 779 754 sihi
804 693 946 756 subditis
964 711 1083 756 nurum
1104 694 1238 757 consent
1255 693 1285 754 de

137 800 224 861 omni
243 815 333 879 suro,
355 793 552 860 concludens
573 813 646 860 eum
657 814 754 858 manu
773 799 947 880 insignum
963 801 1142 882 potentiae,
1165 807 1198 860 et
1214 801 1285 860 venit

137 903 172 968 in
194 919 328 984 regnum
350 899 501 974 Archiae.
546 899 631 962 Ilum
656 901 1089 985 eutemrhlelchiorpannum
1105 903 1286 985 illumpuero

140 1010 174 1084 ln
195 1024 323 1071 menum
344 1014 496 1088 poneret,
527 1006 638 1068 statim
672 1008 706 1068 in
728 1004 796 1088 (B)
825 1001 966 1068 cinerem
996 1006 1166 1070 resolutus
1185 1017 1245 1088 est,
1261 1017 1288 1067 nt

140 1111 375 1192 ostenderetur,
396 1108 523 1175 christi
543 1127 686 1193 regnum·
704 1129 769 1174 non
790 1127 866 1173 esse
886 1110 930 1174 de
945 1109 1010 1174 hoc
1030 1111 1155 1176 mundo
1175 1130 1289 1192 corrup-

139 1217 254 1300 libili„
271 1224 308 1280 ut
339 1213 456 1278 dlcitur
475 1213 551 1283 Joh.
572 1214 698 1280 XVIII.
740 1213 868 1288 Dicitur
896 1217 1011 1299 etiam,
1045 1217 1135 1300 quod
1167 1217 1219 1280 ille
1245 1235 1289 1278 ren

141 1321 254 1386 obtulit
276 1319 406 1384 Christo
424 1320 523 1381 XXX
551 1328 743 1402 argenteos,
767 1321 891 1402 ¹quihus
910 1328 1030 1402 posteo
1064 1322 1219 1386 venditus
1236 1322 1290 1400 luit

139 1435 175 1491 ut
196 1425 302 1510 potuit
322 1424 379 1487 sol.
403 1424 474 1488 tos.
496 1424 536 1486 Δ.
579 1423 761 1508 Secundus,
783 1421 961 1506 rexsaoc,
979 1422 1170 1511 Balthnsar,
1198 1425 1290 1488 obtulit

139 1531 216 1606 thus
238 1531 414 1611 copiosum.
458 1530 587 1592 'l'ertius
606 1547 695 1610 vero,
718 1528 860 1613 Caspar,
884 1547 943 1592 rex
956 1529 1180 1613 Aethiopum,
1201 1529 1293 1591 obtulit

140 1634 309 1718 myrrham·
322 1633 508 1715 pretiosam.
551 1634 706 1718 Nonnulli
719 1641 825 1698 tamen
837 1632 959 1717 dicunt,
974 1634 1063 1718 quod
1074 1635 1200 1718 singuli
1208 1636 1294 1697 onnlr

141 1740 204 1804 trio
224 1737 416 1803 obtulerunt

126 1988 205 2064 ne
233 1985 404 2077 cisterna,
423 1984 460 2060 in
483 2009 588 2083 quam
614 1985 748 2063 cecidit
769 1986 966 2084 Magorum
982 1987 1095 2066 stella
1118 1984 1297 2060 ministeriu

597 2127 664 2179 suo
690 2105 851 2206 expleto.

228 2283 399 2351 Oblatione
420 2295 532 2349 nostre
553 2293 687 2367 percolo
712 2288 747 2350 in
765 2257 951 2353 ¹olrlctionis
980 2289 1055 2353 loeo
1088 2288 1300 2351 deseenrlinn

142 2393 280 2476 inipso
301 2395 415 2475 crypta
447 2408 553 2474 usqne
584 2390 627 2453 etl
654 2390 763 2474 finem,
783 2401 818 2455 et
838 2395 872 2455 in
894 2393 1016 2475 angulo
1037 2395 1203 2456 sitristrne
1222 2393 1301 2474 parth

143 2507 278 2581 cryptae
303 2496 344 2559 od
365 2513 463 2557 unum
485 2495 629 2559 foramen
650 2497 800 2560 venimus
820 2515 884 2560 non
906 2515 1072 2580 magnum,
1094 2499 1161 2560 suh
1185 2515 1248 2579 quo
1266 2508 1301 2556 est

145 2606 287 2666 cisterno
296 2599 454 2684 profunde
467 2621 476 2681 ;
491 2618 562 2662 nou·
578 2608 685 2663 temen
700 2609 808 2683 potest
820 2601 860 2664 de
872 2620 912 2664 co
929 2601 1052 2664 hauriri
1064 2617 1169 2685 sque,
1190 2611 1301 2684 propte

145 2707 292 2772 aedificic
312 2703 592 2788 superaedificate.
635 2706 795 2788 'Iempore
815 2714 922 2768 nutem
935 2703 1058 2770 Christi
1082 2715 1157 2768 erat
1180 2707 1300 2768 cisterc

145 2819 269 2893 petens.
312 2812 351 2873 ln
371 2811 456 2874 hanc
477 2812 649 2874 cisternam
681 2810 799 2874 dicitur
820 2809 980 2874 cecidisse
999 2809 1102 2874 stello
1122 2810 1203 2892 Illo,
1225 2809 1298 2890 cuju

146 2917 324 2992 mihisterio
364 2895 453 2992 uncti
486 2915 614 2978 fuerent
650 2915 742 2996 Magi
773 2915 814 2978 ob
847 2915 985 2995 oriente,
1031 2921 1065 2976 et
1105 2914 1153 2976 ihi
1186 2913 1299 2977 reduco

148 3019 210 3081 luit
236 3019 271 3081 in
296 3017 538 3100 praejacentem
571 3019 746 3082 materiem.
789 3018 898 3099 Hujus
929 3017 1093 3102 opinionis
1117 3027 1198 3080 sunt
1227 3016 1297 3080 multi

149 3123 297 3187 doctores
318 3121 479 3185 cothoIIcl.
522 3123 565 3184 nt
585 3123 618 3184 in
639 3121 736 3203 hujus
758 3124 944 3186 memorirrm
966 3120 1159 3185 derelictum
1184 3122 1246 3184 fnit
1267 3121 1297 3182 lli

141 3230 294 3295 'foramen
308 3226 405 3302 illud.
450 3227 501 3288 lle
526 3225 589 3290 hoc
609 3234 708 3308 puteo
729 3227 780 3290 sio
799 3226 939 3309 loquitur
962 3225 998 3288 S.
1020 3222 1221 3309 Gregorius,
1241 3227 1297 3308 epi-

151 3351 271 3418 scopus
302 3333 531 3414 thorunensis,
569 3332 603 3404 in
632 3331 732 3400 ¹lihro
770 3330 1012 3411 miraculorum,
1045 3336 1197 3412 temporo
1231 3331 1298 3394 lero

151 3440 301 3524 Gregorii
331 3455 435 3520 popae
442 3482 467 3519 „
482 3435 615 3500 dicens:
649 3443 701 3501 est
739 3435 773 3496 in
799 3434 987 3500 Bethlehem
1018 3441 1139 3514 puteus
1168 3449 1298 3516 magnus,

152 3543 277 3626 dequo
298 3543 403 3606 Maria
422 3540 566 3623 gloriose
588 3537 688 3610 fertur
708 3555 827 3624 equom
846 3540 1014 3619 hausisse,
1045 3538 1079 3600 in
1101 3553 1168 3618 qno
1185 3539 1297 3618 saepius

152 3649 383 3729 aspicientibus
404 3643 590 3708 miraculum
611 3642 736 3706 illustre
757 3640 1229 3726 monstretur,stells,sci1ieet
1248 3639 1296 3715 ills,

154 3767 239 3834 quae
258 3751 359 3826 tribus
380 3751 492 3834 Magis
517 3749 681 3831 apperuit,
702 3747 922 3810 venientibus.
938 3745 1024 3826 enlm
1044 3741 1176 3818 devotis
1197 3763 1236 3808 ne
1255 3762 1295 3806 re·

153 3853 377 3928 cumheutibus
396 3872 502 3935 super,
517 3871 564 3916 os
576 3853 675 3934 putei,
697 3853 845 3934 operiunt
867 3869 977 3914 eorum
988 3848 1094 3931 capito
1108 3847 1218 3930 linteo,
1237 3859 1294 3912 tunc

134 3957 185 4020 ,ln
205 3954 299 4032 cujus
321 3955 467 4024 meritum
493 3955 678 4034 obtinuerit,
700 3955 793 4016 videt
814 3955 944 4018 stellnnr
964 3955 1005 4018 nh
1028 3968 1094 4014 uno
1113 3961 1207 4033 ponte
1227 3951 1295 4035 putei

152 4069 250 4132 super
270 4067 375 4128 eques
402 4054 630 4132 transmigrare
660 4054 702 4116 ed
723 4057 836 4137 aliem,
856 4057 891 4119 iu
911 4057 967 4119 illo
988 4055 1102 4135 modo,
1125 4073 1190 4137 quo
1208 4056 1293 4120 solent

153 4165 210 4222 per
234 4148 317 4220 coeli
341 4148 494 4210 circulum
516 4151 633 4212 stellae
655 4157 834 4230 transferri.
879 4159 923 4221 nt
942 4157 1017 4222 dum
1032 4157 1125 4222 multi
1145 4160 1293 4242 aspiciunt,
