2760 4782
652 203 717 271 ’463

99 386 273 468 frumenti,
294 401 379 470 quae
405 385 449 451 ibi
474 393 548 470 post
575 389 725 469 maguam
747 394 781 449 et
800 373 954 452 diutinam
977 387 1094 452 tamem
1113 389 1182 452 tuit.
1225 391 1268 452 Et

98 493 291 576 Bethphage
307 491 428 556 dicitur
448 489 563 554 domus
585 491 746 576 maxillae,
768 494 844 574 quia
871 493 930 555 snit
952 493 1030 556 villa
1051 492 1267 577 sacerdotum,

98 607 132 660 et
152 597 185 659 iri
205 614 245 658 ea
265 595 488 659 nutriebantur
507 613 627 678 pecora
647 596 881 679 semihcanda,
901 597 942 660 de
965 599 1082 679 qulbus
1108 597 1267 661 cedebant

80 691 248 766 'maxillae
269 702 302 762 in
323 701 502 782 portionem
524 699 738 763 sacerdotum.
782 701 825 764 lit
852 702 892 763 ab
923 702 987 764 isto
1021 703 1107 768 facto
1141 703 1267 785 accepit

98 825 216 894 nomen
234 805 425 888 Bethphage
446 803 559 867 domus
585 805 753 889 maxillae,
786 804 900 868 domus
930 824 1100 890 pecorum,
1133 825 1266 890 quorum

98 911 249 974 maxillae
288 917 380 972 erant
418 907 632 972 sacerdotnm.
697 909 755 974 Sic
796 911 955 973 Bethania
991 911 1110 974 dicitur
1152 911 1267 977 domus

98 1015 324 1097 obedientiae,
355 1013 431 1097 quia
459 1017 505 1076 ita
533 1013 662 1098 quidam
698 1035 758 1078 rex
785 1015 970 1079 Jerusalem
1002 1015 1170 1079 castellum
1204 1017 1267 1080 hoc

96 1119 307 1200 aedificavit,
333 1126 370 1181 ut
401 1121 581 1183 esset‘suh
614 1119 799 1185 ohedientia
830 1121 938 1184 curiae
966 1121 1054 1203 regis
1082 1128 1116 1183 et
1139 1119 1266 1184 civitati

96 1225 279 1289 Jerusalem
303 1225 457 1286 etrmonti
475 1221 581 1306 Syon.
621 1226 671 1286 Ito
687 1225 880 1311 Bothsarnes
902 1223 1017 1289 domus
1036 1225 1119 1289 solis
1138 1225 1265 1307 dicitur,

97 1338 229 1413 propter
248 1328 412 1412 templum,
433 1327 526 1410 quod·
540 1330 574 1390 itr
596 1348 635 1391 aa
656 1339 734 1412 erat,
755 1331 789 1393 in
812 1349 877 1413 quo
894 1330 945 1393 sol
965 1329 1139 1394 colebatur.
1182 1329 1267 1394 Beth

97 1431 141 1492 El
164 1431 277 1512 domus
291 1430 353 1494 Dei
372 1432 547 1516 dicebatur,
569 1435 644 1516 quia
666 1437 711 1498 ibi
731 1433 813 1499 indit
824 1435 928 1498 Jacob
950 1443 1080 1500 secreta
1100 1435 1266 1518 coelestia,

99 1542 135 1598 et
150 1536 247 1604 dixitt
267 1538 396 1600 hicnon
411 1546 461 1600 est
471 1537 569 1621 aliud,
581 1539 643 1600 nisi
655 1539 768 1602 domus
780 1541 853 1624 Dei,
876 1550 912 1602 ιιι
927 1536 1064 1604 habetur
1080 1541 1199 1618 Genea.
1213 1541 1265 1604 28.

47 1677 51 1680 -
98 1639 335 1726 SieBethagla
358 1643 474 1706 dicitur
496 1642 610 1706 domus
631 1643 802 1729 planctus,
832 1647 910 1727 quia
930 1645 975 1706 ibi
996 1643 1053 1707 filii
1074 1645 1268 1727 planxerunt

97 1745 215 1830 Jacob,
235 1753 359 1830 patrem
380 1767 474 1828 arrum
495 1757 676 1834 mortuum,
697 1759 733 1812 ut
755 1751 894 1814 habetur
915 1750 1034 1813 Genea.
1057 1750 1117 1820 ult,
1139 1757 1200 1810 etc.

164 1852 210 1914 lit
227 1852 271 1915 de
290 1853 400 1916 multis
425 1851 496 1914 aliis
513 1843 696 1916 noi'ninibus
720 1854 868 1918 villarum
887 1872 907 1915 a
923 1855 1007 1916 Beth
1026 1853 1266 1936 incipientibus,

99 1974 234 2040 quarum
256 1957 548 2040 interpretationem
575 1957 920 2042 hahos'inderonymo
942 1958 984 2020 de
1002 1951 1267 2040 interpretatione

99 2065 268 2126 nominum*
293 2063 524 2150 hebraicorum.
567 2062 692 2125 Similis
722 2062 837 2126 modus
866 2061 1095 2126 denominandi
1120 2062 1266 2144 castolla,

100 2167 219 2250 oppida
240 2174 275 2230 et
295 2154 448 2230 civltatba
469 2175 521 2230 est
552 2167 586 2229 in
605 2167 787 2249 Alemania,
820 2169 885 2230 nisi
916 2167 1002 2250 quod
1024 2168 1070 2230 Ιἰιι
1091 2169 1267 2230 Teutonico

100 2271 230 2354 syllaba
250 2272 316 2355 illa,
338 2291 422 2357 quae
445 2272 575 2336 domum
597 2271 769 2355 significat,
790 2273 823 2334 in
843 2271 985 2334 dictione
998 2276 1213 2354 postponitur,
1232 2272 1267 2333 in

100 2377 254 2440 Hebraeo
287 2381 501 2460 anteponitur.
526 2373 698 2464 'Dicimus
735 2379 818 2453 enim
850 2373 1052 2440 Offenhusen
1080 2377 1267 2461 teutonico,

101 2481 201 2544 latine
228 2483 342 2564 domus
372 2491 500 2565 aperta,
531 2483 659 2545 ebraice
688 2471 928 2550 Bethho‘lorum.
975 2479 1139 2561 'Dicimus
1170 2483 1267 2548 etiam

101 2585 311 2656 Schallrusen
332 2575 509 2668 teutonice,
519 2573 641 2648 'domus
667 2586 740 2648 ovis
758 2584 865 2670 latine,
890 2587 1090 2648 Bethanania
1107 2585 1266 2649 hebraico.

101 2684 160 2755 Sic
181 2691 431 2775 ochsenhusen,
463 2691 579 2755 domna
610 2690 722 2773 bovis,
754 2692 922 2754 Betschor.
983 2689 1040 2754 Sic
1068 2687 1267 2771 Gaishuseu,

102 2790 356 2881 domushapiae,
367 2797 527 2880 Bcthess.·
560 2793 618 2858 Sic
630 2794 793 2876 quaedam
802 2795 881 2860 villa
895 2814 998 2879 prope
1009 2795 1137 2859 Ulnmm
1150 2793 1269 2856 dicitur

99 2889 345 2984 llaeclrshlrsen,
367 2900 481 2965 domus
502 2901 669 2983 stercona,
682 2900 880 2968 nehmvolt
909 2903 967 2964 ,Ει
987 2901 1017 2962 si
1033 2897 1269 2982 hodie-'leuto-

31 2993 32 2998 '
99 3009 167 3070 nici
187 3016 309 3070 essent·
322 3008 533 3089 possessore·
552 3013 659 3068 terrae
678 3015 811 3089 mutae,
839 3015 915 3082 tunc
942 3011 1032 3070 recte
1052 3005 1269 3068 nominaretur

100 3109 295 3176 Bethlehem
326 3109 532 3194 Brotliusen,
562 3110 757 3193 Bethphage
796 3112 1036 3202 Baggahusenn,
1054 3114 1056 3122 '
1076 3109 1269 3175 bethsames

94 3217 338 3302 Soaaalmsen',
372 3216 541 3300 ¹Bothagla
586 3214 796 3299 utenhusen,
839 3215 1018 3280 Bethsaida
1070 3209 1179 3294 (1³12
1209 3211 1267 3293 Δ)

99 3321 345 3405 Bruciithnsen,
374 3319 549 3388 aeramen
584 3320 816 3404 Abgothusen,
865 3305 1033 3383 Bethhara
1065 3318 1269 3400 nerghuseu.

99 3422 270 3491 Bethahen
308 3425 515 3495 Steinhusen.
573 3424 749 3496 Bethrama
784 3426 997 3489 Hochhusan.
1057 3423 1100 3486 Bt
1117 3455 1124 3484 .·
1139 3423 1188 3495 ita
1220 3419 1269 3483 :de

100 3531 215 3597 multia
235 3531 307 3595 aliis
328 3540 389 3594 est.
890 3531 896 3539 “

185 3637 374 3700 Bethlehem
399 3635 628 3720 argee-civitas
656 3633 774 3697 nobilis
803 3642 836 3696 et
866 3634 1020 3698 habitatio
1050 3631 1204 3696 nobilium
1226 3650 1269 3694 ex

99 3742 234 3826 antiquo
257 3738 336 3823 nit,
364 3740 451 3804 unde
470 3741 556 3804 torte
574 3749 747 3821 antequam
769 3738 928 3802 diceretur
947 3740 1146 3822 Ephrata'et
1165 3737 1269 3803 Both-

99 3847 207 3910 lehem
241 3845 324 3909 diei*
347 3847 507 3929 potuisset
526 3843 762 3908 nmntmforon
774 3889 784 3926 ,
821 3847 842 3906 i.
878 3863 908 3916 e,
952 3844 1066 3908 domas
1103 3843 1266 3906 nobilium.

99 3949 262 4031 Quamvis
284 3969 327 4014 ex
346 3935 515 4034 Scriptura
534 3951 613 4013 non
628 3948 784 4014 habeatur
810 3949 1005 4025 authentica.
1047 3950 1091 4013 Bt
1119 3948 1269 4031 quamvis

98 4057 200 4122 tuerit
219 4055 373 4119 nobilitum
388 4051 522 4139 cruam,
545 4071 719 4141 numquam
740 4063 848 4117 tamen
869 4055 930 4118 fnit
951 4073 1078 4140 magna,
1104 4054 1179 4138 qnia
1205 4051 1269 4119 loci

60 4181 68 4188 ·
100 4161 272 4244 dispositio
291 4162 356 4226 rr'or'r
378 4159 529 4224 admittit.
551 4159 645 4224 -Sita
667 4169 720 4224 est
740 4177 780 4222 ea
800 4165 898 4242 supet
915 4159 1029 4244 J'ugnm
1055 4158 1183 4241 montis,
1205 4175 1269 4220 non

98 4265 236 4330 multum
264 4265 322 4330 lati
355 4269 506 4350 superius
522 4266 584 4331 sed
604 4263 709 4348 longi3
741 4273 775 4326 ot
804 4264 914 4328 estin
942 4262 1186 4330 ceraemoniis
1214 4259 1269 4324 vel
