2596 4788
153 309 327 377 devotione
346 305 524 374 Christiani
544 305 719 373 orientales
740 316 774 372 et
795 305 1042 373 ooeidentates'.
1088 301 1252 370 smero·

153 423 220 490 terp
242 414 338 477 nobis
357 412 544 478 invidentes
571 415 785 478 communiter
822 412 927 476 loeuru
953 410 1169 476 stereoribus
1192 409 1258 474 ioth

152 529 188 584 et
206 515 342 602 lapides,
363 536 446 600 quos
467 518 631 602 peregrini
660 516 769 581 solent
790 515 977 580 deoseulati
981 562 996 599 ‚
1024 513 1215 578 immunditie
1236 533 1261 596 pe

153 622 305 687 tundunt
349 621 392 684 bt
413 625 447 686 in
467 623 523 686 illo
545 621 610 705 die,
630 617 762 705 quaudo
781 620 824 685 ad
846 623 952 686 ioeuur
962 622 1146 704 venimus,
1165 621 1267 702 ropeu'u

152 729 259 812 ipsum
281 733 429 792 recenter
449 728 584 811 turpiter
604 725 780 819 foedatum.
821 727 861 788 ln
895 746 960 810 quo
1002 727 1106 789 facto
1136 743 1196 787 nnn
1212 733 1269 784 trnr

153 833 344 896 Sermeenie
367 831 560 895 incientibus
580 827 740 914 indignati
761 845 893 915 sumus,
921 839 1098 915 quantum
1120 829 1157 893 in
1175 829 1274 908 nuspa

154 935 364 1019 irendniurus,
383 937 527 1000 seientes
543 953 603 1020 per
624 945 721 1019 retro,
739 935 827 1019 quod
847 936 1075 1020 exigentibus
1097 934 1231 1018 peeertir
1244 949 1275 992 re

153 1043 215 1108 tris
235 1043 297 1106 hoe
316 1041 475 1105 Dominus
495 1043 661 1124 permittit,
681 1050 714 1104 et
731 1040 774 1104 ed
799 1041 862 1104 boe
883 1040 1096 1106 Sarraeenis
1113 1037 1281 1120 instigator

153 1146 278 1230 spiritua
308 1155 347 1209 ut
366 1145 439 1212 loeo
458 1147 668 1213 mnedmtura
699 1146 954 1212 dehonestentur
983 1149 1027 1212 in
1061 1144 1175 1210 oeulis
1199 1141 1281 1224 penti

153 1271 267 1315 uorum
293 1251 448 1316 nobilium
468 1260 504 1315 et
523 1251 670 1335 miiitum,
690 1259 729 1315 ut
749 1260 784 1314 et
801 1257 1070 1316 siemoveautur
1092 1247 1138 1312 ad
1153 1263 1281 1311 suemus

155 1356 233 1420 dum
254 1364 360 1420 terrae
378 1365 522 1438 nnataa
537 1363 571 1419 et
590 1355 633 1418 ad
643 1355 873 1420 vindicandum
884 1356 1048 1423 malitium
1065 1362 1185 1418 tantee
1200 1349 1281 1431 injuria

154 1470 188 1524 et
207 1461 249 1524 ad
270 1461 442 1526 zelandum
453 1461 526 1524 loeo
546 1460 754 1530 redemtionis
766 1456 871 1544 (uo
881 1460 934 1538 A)
949 1470 1116 1524 nostr-ee·
1136 1455 1281 1535 Quodam

155 1563 250 1628 Deus
273 1565 475 1630 smooemo
496 1565 540 1628 ed
556 1566 621 1630 boe
640 1568 776 1650 instiget
795 1566 953 1630 instinetu
973 1565 1074 1648 torti,
1099 1568 1194 1647 petet
1216 1575 1281 1621 ere

152 1667 239 1752 quod
260 1669 352 1732 loeus
373 1671 428 1733 ille
449 1679 504 1734 est
522 1672 604 1734 satis
625 1670 723 1754 ionga
743 1671 785 1734 eb
806 1671 1001 1753 bominibus,
1027 1677 1071 1733 et
1095 1674 1218 1752 oportet
1240 1675 1281 1724 ste

153 1791 230 1837 eura
244 1774 393 1840 eolleeta·
410 1775 452 1838 de
472 1776 607 1839 eivitete
623 1777 745 1858 portari
766 1779 801 1838 in
815 1795 922 1860 ureae,
943 1777 999 1840 vel
1012 1776 1061 1840 de
1085 1773 1205 1856 supino
1216 1767 1281 1831 nord

156 1877 302 1964 oliveti,
322 1882 378 1944 nbi
399 1879 497 1942 etiam
517 1888 595 1942 sunt
611 1865 838 1963 habitationes,
853 1891 886 1945 et
905 1880 1119 1944 industriose
1140 1877 1208 1938 loeo
1233 1869 1281 1932 aad

155 1986 391 2050 venerabiliora
401 1984 492 2048 tiniri
502 1984 723 2068 immunditiis,
735 2005 832 2068 quam
852 1982 1050 2050 immundum
1078 1985 1231 2048 aetiouerr
1245 1971 1281 2035 rei

156 2089 209 2152 lus
230 2091 365 2172 iaceret,
385 2091 450 2154 nisi
474 2089 598 2152 sortiter
619 2092 794 2174 instigatus
816 2091 879 2155 eiio
899 2091 1028 2174 spiritu,
1052 2108 1160 2174 quam
1188 2085 1281 2148 buum

157 2192 226 2256 Sed
246 2203 281 2256 et
304 2196 366 2258 boe
386 2196 506 2258 bonum
526 2195 560 2258 in
581 2195 637 2259 illo
659 2198 747 2262 teoto
768 2199 854 2281 turpi
876 2203 1026 2279 apparet,
1058 2193 1153 2280 quod
1176 2188 1275 2274 juditii

157 2317 218 2362 nos
240 2299 307 2363 illis
327 2299 409 2364 loeis
429 2301 564 2364 multum
585 2300 724 2368 affectos
743 2311 776 2365 et
793 2322 853 2385 per
873 2305 1085 2385 consequens
1099 2291 1281 2363 fortasssis

157 2405 281 2488 tiones,
303 2411 338 2466 et
367 2405 442 2468 dum
467 2405 600 2489 vident,
628 2425 689 2469 nos
714 2426 780 2471 non
809 2409 1010 2470 obstantibus
1041 2395 1276 2470 stereoratiotdt

158 2509 315 2573 bonorare
336 2519 369 2572 et
391 2509 572 2574 deoseulati
590 2511 664 2575 inea
687 2521 811 2590 saneta,
828 2513 892 2576 etsi
906 2531 973 2576 non
985 2510 1278 2586 adificantur&

159 2614 415 2682 eonfundnntur.
456 2615 511 2679 Ad
533 2617 640 2680 ioeum
661 2635 740 2700 ergo
766 2615 855 2680 illum
876 2617 1098 2699 accessimus,
1122 2623 1156 2678 et
1181 2603 1275 2672 vestito

159 2720 256 2782 tersis
276 2720 486 2784 immunditiis
521 2721 627 2784 loeum
649 2719 799 2784 devotius
820 2721 998 2786 deoseulati
1018 2739 1158 2802 snmus,
1185 2723 1214 2776 ei
1235 2723 1276 2789 qu

160 2821 234 2885 dam
261 2827 486 2907 compassione
517 2825 559 2889 ed
586 2825 739 2908 majorem
760 2826 915 2910 pietatem
949 2836 983 2890 et
1005 2823 1216 2890 reverentiam
1236 2822 1272 2874 ua

159 2938 287 3010 sumus,
322 2938 565 3011 prosternentes
599 2949 660 2994 nos
702 2931 744 2994 ad
770 2931 1001 3014 immundities*
1025 2940 1161 3014 propter
1185 2923 1274 2985 lomna

160 3040 347 3095 sanctorum
364 3033 563 3132 dignitatem,
588 3044 621 3097 et
648 3035 917 3120 indulgentiarum
945 3036 1006 3117 (is)
1037 3027 1278 3119 partieipetiotflp

160 3133 252 3199 Sient
270 3136 351 3219 quis
371 3136 497 3202 videret
524 3139 750 3204 eucharistiam
778 3143 812 3203 in
833 3142 901 3204 into
918 3140 1039 3223 joeore,
1063 3160 1140 3204 mox
1170 3137 1201 3198 in
1217 3129 1278 3191 intua

159 3240 300 3325 eederet,
320 3259 382 3304 nee
395 3259 433 3305 se
444 3242 606 3328 deturpari
621 3255 758 3330 curaret,
771 3243 942 3312 dtimnrodo
959 3245 1189 3312 irreverentiae
1206 3243 1278 3300 tetii*

159 3350 261 3413 menti
282 3347 436 3412 obvenire
456 3356 582 3432 posset.
800 3343 803 3350 '

159 3593 296 3686 Locus,
320 3594 381 3670 nbi
405 3593 539 3672 Petrus
577 3595 736 3674 abscidit
757 3598 953 3675 anrieulanr
977 3594 1128 3674 Malcho
1164 3601 1270 3688 neque*

240 3773 322 3838 Inde
343 3787 581 3862 consequenter
602 3782 823 3862 processimus
843 3798 957 3864 parum
979 3781 1064 3844 inira
1084 3778 1126 3842 ad
1147 3779 1219 3840 totns
1232 3771 1276 3881 flii

158 3879 264 3942 eeriae
285 3881 368 3944 horti
388 3882 484 3945 illins.
528 3882 653 3966 [rapide
670 3885 821 3969 signatus
842 3894 894 3948 est
915 3887 958 3948 ibi
986 3886 1089 3967 loeus,
1108 3885 1162 3946 ubi
1184 3878 1213 3942 S·
1235 3867 1269 3930 Pi·

156 3990 227 4047 trus
247 3987 349 4067 stetit,
371 3992 406 4047 et
426 3986 543 4049 videns
563 3987 730 4052 Mulebnm
753 3989 913 4073 quendam
942 3992 1124 4054 ministrum
1153 3975 1275 4052 duritiei

156 4089 251 4171 alapa
272 4090 388 4152 faeiem
408 4087 537 4152 Domini
558 4092 746 4156 caedentem
768 4095 889 4161 exarsit
927 4094 1021 4176 uelo,
1048 4103 1083 4158 et
1103 4089 1275 4173 secuntum¹

156 4191 321 4252 bisleirnm
340 4190 432 4269 petiit
452 4190 570 4278 gladio,
591 4193 706 4256 volens
728 4197 790 4259 sibi
812 4195 959 4262 dividere
991 4207 1097 4281 eaput.
1133 4195 1195 4276 Quo
1209 4191 1274 4276 idib
