2596 4788
558 171 624 254 4⁰³

14 395 31 433 ,
95 348 313 426 deosculata
344 349 389 414 ibi
420 351 472 414 'sui
503 347 561 414 dlii
587 349 749 436 vestigia„
784 349 838 416 Ab
867 353 929 418 hac
956 353 990 418 ia
1020 355 1173 440 templum

7 456 120 520 nini
149 455 317 538 ascendit,
345 464 385 518 et*
400 458 597 521 erationibus
624 460 670 522 ibi
691 461 774 524 lusis
794 461 835 524 ab
857 460 922 524 alia
950 469 1042 544 parte
1062 447 1173 542 templi

7 561 134 644 crivit
169 571 206 626 01
237 561 280 625 ad
311 568 437 646 portam
455 581 598 646 auream
623 557 734 649 verrit,
766 566 885 648 ibique
910 566 1092 649 ingressum
1114 566 1172 630 filii

27 666 83 727 in
118 665 182 728 die
207 668 386 751 palmarum
422 669 640 752 contemplata
664 671 743 754 fuit,
763 689 822 754 per
843 687 940 753 quarn
963 679 1014 734 ut·
1028 672 1116 754 exiit,
1137 673 1171 736 10

8 771 121 840 lerna
132 771 303 856 Josaphat
331 770 518 856 descendit,
553 777 639 838 etirt
661 794 701 838 00
721 793 926 858 precespro
953 783 1022 840 1010
1050 787 1172 862 genere

7 894 132 948 narro
149 863 263 961 dudit,
285 885 444 961 qnatenus
466 881 575 942 securi
597 891 705 944 astare
727 879 896 950 tremendo
913 879 1042 962 ‘judicio
1064 899 1172 946 meta·

7 1001 84 1044 nr.
143 980 285 1044 screbat
307 983 411 1066 enim,
433 983 520 1065 quon
540 985 580 1067 n
595 979 651 1048 rna
669 983 793 1066 juncta
816 985 925 1064 lutrae
945 1002 1077 1068 preces,
1109 967 1171 1050 aa

7 1105 67 1168 ne,
96 1085 368 1150 admitterentur.
401 1087 478 1150 ldeo
500 1069 757 1182 praeoccupabat
777 1089 982 1172 ibijudicem
1000 1090 1171 1172 precibus,

8 1211 34 1252 ο
63 1191 173 1253 facto
197 1192 348 1254 transivit
375 1191 567 1280 torrentem,
589 1205 620 1259 et
649 1197 755 1260 locum
781 1214 862 1258 suae
883 1197 1035 1278 propriae
1054 1194 1171 1278 wsepul

7 1313 81 1362 rae
121 1313 242 1358 secum
270 1298 418 1362 euntibus
450 1239 605 1384 ostendit,
637 1310 833 1383 et-speeum
862 1301 1013 1382 ingressa
1048 1299 1169 1364 ineffa-

7 1402 32 1464 li
58 1399 199 1484 gaudio
223 1402 406 1484 replebatur
412 1412 580 1504 ,protem
600 1407 677 1488 quia
689 1406 819 1468 screbat
825 1449 836 1488 ,
858 1405 971 1488 quod
961 1425 995 1466 rn
1016 1405 1078 1470 hoc
1099 1370 1173 1468 leco

8 1508 92 1568 imo
117 1508 289 1596 perfectae
311 1509 474 1572 fruitionis
504 1511 658 1592 gaudium
679 1517 770 1574 esset
802 1512 969 1596 habitura,
997 1518 1032 1572 et
1052 1509 1167 1573 stolam

7 1615 119 1674 oriae
153 1615 282 1676 animae
304 1623 336 1680 et
354 1617 511 1698 eorpons
539 1615 582 1677 ihi
611 1614 790 1698 induenda,
819 1625 853 1677 et
882 1612 923 1699 de
951 1617 1014 1680 hoc
1035 1615 1168 1688 saeculo

7 1735 139 1800 equam
162 1719 345 1802 eripienda,
368 1729 401 1784 et
431 1739 529 1804 super
549 1722 667 1784 choros
687 1720 883 1804 angelorum
912 1720 1085 1784 esallsuda
1106 1729 1170 1786 etc.

7 1821 134 1886 teinde
167 1825 374 1907 sepulchrum
405 1827 608 1910 relinquens,
644 1834 696 1897 01
715 1845 827 1909 parum
859 1843 988 1888 sursum
1021 1825 1170 1908 tendens,

7 1947 137 2010 pecum
157 1928 304 2011 intravit,
335 1932 369 1992 1ιι
394 1948 459 2012 qua
468 1915 627 1998 Dominus
648 1929 760 1995 Jesus
777 1931 860 1992 trina
880 1931 953 1991 viee
975 1930 1009 1990 in
1032 1931 1172 1992 maxima

7 2033 170 2094 nxietate
202 2035 346 2096 existens
375 2035 521 2116 oravit3
519 2033 572 2096 ibi
603 2041 637 2094 et
663 2034 735 2116 ipsa
765 2035 902 2117 agoniae
935 2051 1016 2096 suae
1050 2051 1171 2096 memor

7 2153 112 2212 anua
133 2136 224 2199 11011
246 2138 288 2202 ad
319 2140 462 2220 vestigia
482 2156 624 2222 genuum
634 2137 703 2200 “tilii
723 2139 791 2219 sui,
824 2136 944 2202 diutins
967 2145 1000 2200 et
1021 2137 1170 2200 devotius

7 2261 26 2304 n
52 2233 204 2305 oratione
225 2245 375 2325 perstitit,
397 2242 544 2346 Demurnq
556 2244 684 2306 hortum
706 2250 741 2304 01
763 2216 928 2325 praedium
950 2240 1171 2334 Gethsercane

7 2364 157 2430 agressa
184 2348 268 2424 loca,
295 2351 524 2433 captivationis
554 2349 612 2412 lilii
639 2351 701 2440 sui¹
723 2348 980 2426 deosculabatur„
1034 2347 1087 2434 Ab
1108 2348 1171 2410 hoc

7 2471 76 2516 cco
101 2453 223 2518 avelle
244 2471 282 2515 se
304 2456 422 2517 evertit
450 2461 484 2516 ct
506 2451 686 2550 ecclesiam
701 2455 820 2518 montis
843 2451 965 2518 Oliveti
997 2453 1095 2536 petit·
1133 2448 1170 2516 ln

7 2559 79 2625 loco
113 2567 234 2643 autern,
269 2559 502 2624 ubiDominus
529 2560 630 2622 Jesus
655 2559 748 2623 flevit
784 2556 902 2635 videns
922 2559 1103 2640 civitatem,
1138 2565 1171 2620 et

7 2665 81 2745 ipsa
101 2681 138 2725 se
159 2672 269 2727 contra
290 2666 465 2732 civitatemt
476 2665 592 2747 vertit,
613 2650 750 2749 ejusque
770 2664 972 2734 calamitates
998 2663 1170 2727 miserabili

7 2771 130 2850 gemitu
150 2777 184 2832 et
204 2772 433 2855 compassione
454 2770 618 2834 dederic·
637 2770 680 2832 Et
709 2759 785 2832 inde
807 2769 987 2838 ascendens
1016 2771 1051 2830 lu
1077 2768 1171 2832 Gali·

7 2874 114 2936 laeam
133 2865 281 2938 montem?
291 2887 324 2939 01
344 2877 489 2948 villulam
510 2877 617 2959 veuit,
639 2877 747 2959 ibique
767 2874 902 2964 gloriam
926 2876 1170 2945 resurrectionis

7 2978 69 3040 lilii
92 2980 140 3042 sul
160 2982 452 3064 contemplabatur,
484 2989 517 3042 et
536 2979 688 3064 gaudium
716 2980 957 3066 discipulorum.
1000 2979 1107 3068 Finita
1124 2981 1171 3048 ibi

12 3085 153 3146 oratione
172 3087 261 3150 uenit
281 3086 450 3150 ambulans
469 3089 503 3150 1ιι
521 3087 601 3170 jugo
621 3087 740 3171 montis
761 3085 803 3149 ad
825 3087 940 3166 locum,
953 3086 1170 3170 uhi,.quando

15 3187 125 3250 ultima
153 3189 203 3251 die
231 3195 514 3276 peregrinabatur,
547 3191 684 3275 augelus
704 3191 734 3254 ei
756 3193 904 3274 apparuit
939 3196 1170 3273 praenuntians

18 3292 50 3354 ei
70 3293 181 3355 instare
201 3298 422 3390 emigrationis
442 3305 584 3392 tempus.
625 3297 682 3372 Ab
700 3295 762 3358 hoc
784 3297 854 3358 loco
884 3313 1060 3376 progressa
1081 3297 1171 3369 venit

21 3395 63 3458 ad
84 3396 179 3460 locum
199 3403 402 3474 ascensionis
423 3401 482 3464 11111
503 3403 617 3484 sui,
599 3409 633 3462 et
654 3401 726 3462 ihi
718 3389 875 3482 rinp'ressa
896 3417 977 3460 saxo
999 3398 1171 3480 manifesta

23 3498 92 3584 (B)
111 3502 241 3590 vestigia
261 3521 356 3566 sacra
375 3503 588 3568 devotissime
615 3501 870 3576 deosculabatur.
914 3503 955 3564 m
977 3503 1053 3585 qnia
1079 3503 1187 3568 locus

25 3605 79 3668 ille
106 3613 168 3674 erat
192 3623 273 3670 suae
306 3609 441 3678 actuali
465 3607 628 3672 devotioni
665 3607 872 3690 singulariter
898 3613 1174 3716 proportionatae,

28 3709 180 3792 aliquande
199 3712 296 3775 citius
318 3731 391 3795 epm
413 3712 554 3798 reliquit,
571 3721 606 3776 ut
628 3722 703 3799 post
723 3712 879 3786 diutiua'
870 3719 1030 3780 rmmorari
1045 3703 1170 3808 posset,

30 3825 62 3878 et
80 3815 184 3878 festiva
203 3817 244 3879 ab
265 3817 329 3880 alia
348 3826 441 3902 parte
457 3817 712 3888 montisOlivetl
726 3818 913 3902 descendit,
934 3831 967 3886 et
988 3840 1046 3906 per
1067 3824 1171 3886 Beth·

33 3919 152 4004 phoge
144 3941 173 3984 ιιι
197 3922 386 3986 Bethaniam
419 3925 526 4007 venit,
560 3925 698 3987 visitans
726 3923 772 3986 ibi
802 3917 913 4008 nelos,
949 3935 982 3990 01
1013 3927 1102 4011 1000,
1137 3929 1170 3992 10

36 4027 136 4108 quibus
161 4026 241 4092 tilius
274 4047 356 4092 sans
388 4037 604 4093 commoratus
635 4029 756 4114 inerat,
790 4029 916 4094 domum
944 4031 1108 4115 Marthae,
1137 4039 1171 4094 01

38 4132 214 4214 sepulchmm
244 4133 382 4218 Lazari,
413 4144 446 4196 01
480 4135 695 4203 habitaculum
722 4135 860 4202 Mariae,
877 4135 1108 4219 magdaenae,
1138 4145 1171 4199 01

41 4232 146 4302 denum
162 4235 298 4304 Simonis
320 4239 448 4324 leprosi
472 4237 597 4320 Quibus
616 4243 762 4334 visitatis
789 4256 915 4305 rursum
947 4241 1012 4304 alta
1034 4242 1171 4326 repetiit,
1289 4279 1290 4322 3

899 4337 962 4396 26*
