2736 4768
147 313 330 394 inimicitia,
351 316 386 374 et
408 303 548 387 durarit,
572 319 742 390 quousque
761 301 852 366 Deus
873 297 948 362 illos
968 301 1128 384 superbos
1147 300 1189 366 de
1214 303 1322 366 medio

148 417 231 484 tulit.
260 417 454 480 Manserunt
475 419 583 474 autem
603 408 743 472 devotae
764 415 931 473 matronae
950 406 1028 470 illae
1049 397 1232 492 nobiscum,
1247 429 1322 474 cum

147 541 206 606 per
228 539 316 584 marc
337 515 488 582 intrando
510 523 544 578 et
565 511 724 580 excundo.
1357 569 1358 574 ,

232 625 332 690 Porro
360 622 520 686 Dominus
549 619 753 704 Augtntiuus
780 615 992 698 conterinus,
1027 614 1115 700 quod
1140 614 1228 681 idem
1259 627 1323 702 est,
1357 627 1358 660 t

149 748 245 816 quam
267 727 388 792 Comes
421 725 547 807 Rheni,
585 723 703 788 nobilis
723 731 862 784 venetus
889 723 1077 806 peregrinos
1111 721 1324 786 transducere

147 831 358 915 intendebat,
396 847 469 894 cum
507 847 570 910 quo
600 845 713 892 amnes
755 827 968 890 convenimus
1005 825 1047 888 tle
1082 827 1186 910 pretio
1217 836 1254 890 et
1285 828 1325 892 de

147 939 261 1021 naulo,
295 944 328 1000 ct
355 953 448 998 snam
468 932 596 1016 galeam
618 931 847 1016 condurdmns,
869 939 902 994 et
923 931 1086 1012 smmum,
1108 949 1148 994 ac
1168 933 1321 1016 cumbas,
1357 973 1358 1034 ,

148 1047 170 1107 i.
200 1063 230 1106 c.
256 1042 329 1104 loca
348 1039 534 1123 personalia
561 1037 601 1099 ab
624 1055 663 1099 eo
695 1039 890 1120 accepimus,
912 1055 971 1119 per
994 1034 1132 1120 galeam,
1156 1045 1188 1098 et
1203 1055 1322 1101 moes-

148 1167 222 1214 sum
253 1148 393 1212 celerem
425 1145 625 1226 optavimus3
661 1143 780 1206 multos
821 1144 905 1207 enim
945 1139 1016 1216 dies
1055 1144 1325 1222 exspectavimus

148 1255 428 1336 praeparationem
459 1247 582 1330 galiae.
626 1246 693 1309 Sed
715 1265 788 1311 cum
815 1251 881 1310 iam
913 1247 1020 1310 omnia
1051 1255 1164 1328 parata
1194 1257 1322 1334 essent,

151 1365 184 1420 ct
215 1355 310 1436 nihil,
348 1355 413 1416 uisi
444 1369 596 1414 recessus
630 1359 760 1434 optaras
798 1352 951 1434 instaret,
988 1349 1122 1416 advenit
1158 1353 1323 1436 quaedam

150 1463 256 1546 trevis,
277 1474 361 1542 quac
383 1459 489 1521 tristia
510 1474 596 1518 nova
618 1455 767 1538 adduxit3
800 1453 970 1532 Quomodo
1000 1455 1127 1518 scilicet
1145 1457 1324 1540 imperator

149 1573 328 1645 turcorum,
356 1563 584 1638 Machametns
620 1577 776 1642 magnus,
805 1559 948 1624 insulam
977 1559 1126 1623 Rhodum
1157 1561 1323 1624 obsideret
1357 1569 1358 1650 t

150 1669 258 1732 classe
277 1683 395 1747 magna
414 1685 473 1748 per
491 1683 590 1747 mare,
609 1672 642 1726 et
656 1672 778 1726 armato
798 1666 943 1728 exercitu
962 1665 1105 1748 equitnm
1122 1671 1155 1726 et
1174 1665 1322 1748 peditum
1357 1725 1358 1748 ,

150 1793 209 1857 per
230 1781 365 1854 terram,
391 1779 424 1832 et
446 1779 546 1833 totum
567 1787 657 1834 mare
675 1769 854 1853 Aegaeum,
878 1767 1094 1850 Carpaticum,
1122 1777 1153 1831 et
1174 1769 1321 1834 Maleum
1357 1845 1358 1852 ἵ

149 1879 305 1941 infestum
325 1877 470 1958 haberet,
492 1884 525 1938 et
546 1873 702 1958 possibile
721 1893 787 1936 non
808 1881 906 1956 esset,
924 1874 987 1936 hoc
1008 1892 1092 1935 anno
1107 1873 1323 1938 transducere
1357 1859 1358 1864 ἵ

150 1984 343 2064 peregrinos
383 1981 419 2042 in
447 1989 565 2042 terram
606 1987 763 2042 sanctam.
818 1977 980 2056 Quantam
1010 1987 1119 2040 autem
1155 1982 1322 2044 tristitiam
1357 2015 1358 2070 p

151 2086 317 2170 peregrini
356 2084 397 2146 de
431 2085 484 2146 his
525 2085 621 2145 rrovis
656 2083 837 2146 rumoribus
875 2085 1075 2164 acceperint,
1115 2101 1181 2144 nou
1223 2085 1323 2147 facile
1357 2113 1358 2154 t

152 2191 388 2270 enarraverim,
420 2197 454 2250 et
485 2196 626 2270 quantae
666 2187 864 2272 turbationes
897 2186 975 2248 inde
1008 2188 1199 2252 omemosnm
1238 2191 1322 2252 iuter
1357 2159 1358 2244 l

149 2284 351 2378 peregrinos,
372 2302 405 2356 et
427 2291 615 2374 divisiones,
636 2301 669 2353 et
684 2291 800 2373 litigia,
822 2289 930 2354 taedet
950 2309 1003 2354 me
1020 2290 1172 2363 scribere
1202 2291 1324 2358 Omnia

143 2409 259 2471 ,tamen
291 2400 327 2462 in
360 2397 499 2481 quodam
527 2399 601 2462 alio.
624 2397 732 2462 libello
761 2397 956 2479 conscripsi,
993 2413 1077 2478 qnae
1111 2398 1323 2478 contigerunt
1356 2363 1358 2474 l

102 2482 110 2492 '
153 2506 247 2568 nobis
276 2503 416 2568 adversa
450 2503 616 2586 venetiis,
651 2510 684 2564 et
709 2501 870 2584 quomodo
899 2499 1123 2582 Francigenae
1156 2501 1323 2566 fuerinta

150 2611 245 2672 nobis
267 2609 382 2691 divisi,
419 2623 491 2670 cum
513 2615 622 2683 tarmen
644 2612 755 2668 essent
781 2605 822 2667 de
847 2603 943 2686 galba
958 2613 1093 2668 ¹nostra.
1136 2606 1238 2670 Porro
1260 2628 1323 2672 nos

150 2715 313 2796 peregrini
335 2711 376 2773 de
398 2710 575 2776 Germania
595 2711 823 2792 convenimus,
851 2717 885 2770 et
906 2709 947 2770 ad
967 2710 1152 2772 Praetorem
1175 2709 1322 2778 Senatus

150 2817 353 2878 Venetorum
365 2813 580 2897 ascendimus,
595 2822 744 2896 petentes
754 2813 921 2896 Dominae,
936 2821 1097 2896 quatenns
1110 2814 1323 2898 dignarentur
1357 2837 1358 2868 t

150 2928 295 2982 nostram
316 2917 444 3000 galeam
465 2918 557 2981 salvo
578 2917 740 2990 conductu
760 2919 854 3001 tueri,
866 2937 908 2980 ne
933 2937 954 2980 a
973 2921 1167 3006 turcis-oapi
1189 2925 1323 2986 confin-
1357 2967 1358 2990 t

137 3029 263 3108 geret,
286 3032 319 3084 et
340 3040 401 3098 uos
423 3040 563 3086 cumea.
606 3023 661 3088 Ad
682 3023 768 3108 quod
790 3039 979 3106 responsum
1005 3023 1067 3086 luit
1088 3025 1199 3108 nobiS,
1232 3025 1323 3110 quod

119 3156 130 3167 ··
150 3127 254 3210 galba
271 3136 361 3190 esset
383 3127 513 3209 quidem
544 3127 662 3210 libera,
682 3137 718 3190 et
738 3147 796 3210 per
817 3136 927 3196 uncos
953 3135 1066 3209 posset
1086 3131 1224 3193 transire
1247 3134 1323 3194 sine

152 3232 223 3316 ejus
246 3235 404 3318 captione,
420 3239 551 3314 propter
572 3231 884 3299 conscelerationerr
901 3241 1061 3296 turcorum
1084 3251 1157 3298 cum
1171 3239 1322 3318 venetis3

147 3337 210 3399 'sed
232 3337 273 3399 de
301 3335 450 3398 libertate
482 3338 724 3418 peregrinorum
744 3338 778 3398 in
800 3336 896 3418 galea
921 3337 1044 3402 nohent
1065 3357 1126 3413 nos,
1147 3338 1220 3419 (B)
1244 3357 1322 3404 cer·
1357 3335 1358 3424 Τ

152 3441 286 3524 uacare,
300 3459 363 3504 nec
384 3443 554 3506 transitum
568 3444 666 3506 masis
688 3461 745 3524 pro
766 3441 822 3504 illo
843 3459 929 3504 auno
947 3443 1127 3514 corisulffa.
1149 3443 1186 3506 Si
1207 3453 1322 3546 putem

96 3539 102 3551 ‘
154 3547 284 3610 omnino
306 3565 371 3608 nan
391 3546 533 3628 placeret
554 3549 647 3610 nobis
673 3565 821 3629 manere,
843 3565 1015 3629 possemus
1035 3551 1193 3631 nauigare
1211 3567 1322 3634 usqne

151 3652 186 3712 in
213 3648 390 3732 Corcyram
416 3651 572 3734 insulam,
604 3649 639 3713 in
665 3670 730 3734 qua
757 3653 952 3733 capitaneus
980 3655 1079 3716 maris
1106 3671 1179 3716 cum
1208 3653 1321 3722 alasse

152 3763 275 3816 armata
307 3755 506 3820 Venetorum
539 3761 625 3838 erat,
659 3764 692 3817 et
724 3756 879 3840 quidquid
908 3755 964 3818 illc
1000 3757 1094 3820 nobis
1121 3759 1319 3846 consuleret,

150 3875 322 3941 possemus
354 3877 471 3922 secure
502 3859 627 3941 facere,
660 3861 738 3944 quia
769 3864 876 3925 omnia
905 3861 992 3924 facta
1013 3869 1174 3928 turcorum
1205 3868 1317 3930 sciret.
1354 3907 1358 3978 ,

130 3993 132 4000 ⁴
150 3962 225 4025 Hoc
245 3981 319 4028 cum
340 3965 434 4026 nobis
464 3963 657 4045 placuisset,
687 3963 781 4026 nobis
803 3963 928 4027 litteras
951 3965 992 4030 ad
1012 3963 1192 4050 praefatum
1213 3969 1318 4054 Capi-

151 4074 279 4131 tansum
303 4077 336 4130 et
359 4069 447 4130 abire
478 4071 708 4150 permiserunt,
738 4068 941 4131 licentiantes
971 4080 1159 4157 patronum,
1189 4084 1227 4136 ut
1256 4094 1317 4138 nos

150 4170 325 4256 educeret,
344 4175 396 4237 cui
419 4176 510 4257 prius
532 4173 778 4258 prohibuerant,
799 4193 841 4237 ne
862 4193 923 4240 nos
943 4194 1104 4262 quoquam
1124 4180 1268 4242 duceret.
