2596 4788
644 109 726 202 ψ.

95 299 138 364 rlo
156 299 210 361 his
231 303 379 376 tongum,
410 289 470 354 seri
491 297 615 356 tautum
637 310 721 376 quoe
742 291 816 358 loce
836 289 952 374 templi
971 289 1089 356 reneri
1115 308 1272 376 occuper

94 411 210 488 gentes
230 398 323 482 illue,
341 395 475 461 hrcvius
497 395 613 465 dicum.

451 645 511 720 De
534 642 680 720 Latinis
705 641 908 720 catholicis.

184 826 292 892 Lctirri
302 823 481 890 Christiani
502 825 597 906 primi
619 833 653 888 et
673 825 744 888 veri
767 824 930 905 catholici,
952 825 1011 908 qni
1032 841 1056 888 o
1074 825 1271 890 sameem

95 934 304 1000 uominuutur¹
321 929 449 1012 Franci,
471 927 535 995 hoc
556 928 710 1010 templum
731 929 923 1011 iuhehlteut,
942 937 977 992 et
995 940 1078 993 sunt
1099 932 1270 995 orthodoxi

96 1039 178 1123 lide,
214 1038 323 1104 devoti
349 1034 571 1118 professores,
592 1034 655 1096 viri
686 1031 845 1116 religiosi,
878 1034 997 1098 fratres
1028 1038 1205 1119 minores,
1227 1041 1267 1119 qu'

98 1145 304 1212 Conveutnrn
326 1139 459 1222 habeut,
482 1145 517 1201 ut
539 1137 750 1220 dictumest,
776 1139 811 1200 iu
832 1145 943 1201 moute
963 1137 1077 1222 Sycu,
1099 1141 1266 1203 multoruu

98 1243 359 1330 irctrum,(134
370 1243 434 1326 Δ),
459 1242 587 1304 xxtm
612 1242 748 1324 scilicet,
770 1241 949 1327 vivuntque
970 1245 1030 1307 rub
1054 1245 1210 1327 regulari
1228 1253 1266 1308 sul

98 1353 229 1418 Ordinis
250 1351 472 1431 institutione,
500 1346 542 1410 do
561 1347 780 1430 eleemosynis
801 1346 992 1412 devotorum
1021 1353 1266 1432 peregrinorum

96 1459 175 1522 illuc
210 1456 369 1521 extorris
391 1451 648 1516 Christianorum
671 1451 886 1536 venientium,
909 1461 942 1516 ct
962 1453 1105 1518 eliorum
1130 1473 1264 1536 quercu·

99 1559 173 1626 dnm
199 1561 379 1644 principum
400 1555 559 1640 fidelium,
593 1555 649 1637 qui
670 1572 837 1618 sacrorum
859 1557 1003 1621 locorum
1040 1557 1224 1622 devotione
1241 1571 1264 1618 er

97 1668 218 1750 pietate
247 1661 423 1727 christiano
455 1663 533 1726 moti
571 1677 697 1724 annuus
731 1677 811 1722 sues
832 1661 896 1724 illis
923 1663 1158 1726 tramittere
1190 1665 1262 1725 elce·

99 1785 255 1852 mosyuas
278 1785 342 1830 non
373 1766 553 1850 negligunt.
597 1764 683 1828 Nem
710 1765 815 1828 felicis
845 1764 1081 1830 recordatiouis
1111 1767 1262 1852 quondm

100 1874 167 1938 ‹lux
206 1869 413 1956 Burgundice
456 1870 626 1952 Philippus
661 1887 763 1932 ceusu
801 1887 908 1934 cnunc
947 1869 1035 1932 mille
1082 1871 1261 1936 ducatorum

101 1978 266 2060 subsidio,
293 1977 369 2042 (lum
390 1976 490 2059 vixit,
523 1994 580 2058 pro
602 1993 663 2039 suo
691 1974 798 2038 salute
826 1975 868 2038 od
895 1975 1111 2038 locosancto
1142 1975 1261 2040 eonrnh

102 2083 276 2146 devotione
322 2097 362 2143 ec
399 2079 535 2143 fratrum
570 2079 643 2144 Deo
677 2081 722 2142 ihi
760 2081 970 2144 servientium
1017 2083 1258 2144 sustentatione

105 2185 200 2266 Quod
222 2194 255 2248 et
275 2183 362 2248 iilius
384 2183 456 2266 ejus
478 2182 627 2266 Carolus,
650 2183 724 2248 dum
742 2184 804 2246 fuit
821 2186 855 2247 in
876 2183 1038 2266 humanis,
1062 2185 1167 2248 etism
1188 2185 1257 2248 fecit

102 2290 226 2356 Sedet
259 2306 430 2354 successor
462 2287 533 2370 ejus
566 2287 756 2371 modernus,
787 2288 945 2354 Dominus
972 2287 1218 2356 illustrissimus
1236 2298 1259 2350 et

101 2395 312 2479 victoriosus,
344 2393 411 2458 (lux
430 2392 584 2458 Austriae
602 2401 639 2456 et
660 2393 867 2478 Burgundios
892 2393 1163 2480 maximilianus,
1188 2411 1259 2457 nuuc

105 2509 253 2566 recenter
269 2520 328 2564 rex
347 2499 602 2584 gloriosissimus
622 2499 841 2562 Romanorum
875 2507 1020 2581 creatus,
1053 2500 1169 2580 iprum
1188 2499 1258 2562 iden

103 2617 235 2666 suorum
252 2604 396 2667 imitatur
415 2604 598 2686 exemplum
620 2605 907 2687 praedecessorum
929 2605 962 2666 in
984 2602 1110 2666 ducatu
1119 2605 1258 2687 Burgun-

103 2705 194 2789 uiae,
215 2708 439 2772 transmittens
458 2709 612 2773 fratribus
633 2719 791 2773 consuete
815 2707 970 2772 subsidio.
1012 2705 1066 2769 lle
1085 2709 1139 2772 his
1162 2709 1258 2772 fratri·

102 2812 165 2875 hus
186 2818 222 2872 et
252 2829 363 2876 corum
391 2814 564 2878 Conveutu
593 2817 667 2880 ride
697 2815 730 2875 iu
750 2814 938 2877 visitatione
971 2811 1120 2875 locorum
1152 2814 1256 2876 mouns

103 2914 196 2996 Syon
215 2915 415 2998 intersepta
435 2921 638 3002 monasterii,
669 2921 729 2982 sub
755 2918 808 2982 die
829 2920 918 2985 Xlll.
946 2916 1044 3000 hujus
1075 2919 1213 3002 morosis,
1232 2927 1256 2978 et

104 3018 312 3102 singulariter
332 3020 461 3086 fot-cc.
485 3025 523 3086 Β.
546 3033 579 3087 et
599 3024 653 3087 fol.
678 3025 749 3090 108„
771 3024 807 3087 ll.

186 3124 232 3208 Hi
262 3124 380 3194 ,fratres
410 3126 481 3191 loco
508 3128 695 3193 Latinorum
722 3131 863 3193 omnium
888 3135 1010 3212 ponunt
1038 3125 1082 3190 ed
1102 3130 1251 3192 minimum

104 3237 172 3296 tres
194 3230 235 3295 (lc
255 3230 325 3296 suis
346 3231 380 3294 in
401 3231 574 3297 ecclesiam
595 3235 701 3297 sancti
729 3234 911 3317 sepulchri,
933 3232 1132 3296 sanctissimi
1152 3253 1251 3298 moun·

103 3339 204 3404 menti
224 3334 387 3420 custodes,
409 3337 465 3421 qui
486 3335 540 3400 (lie
561 3355 601 3400 ec
629 3349 724 3403 nocte
747 3339 793 3402 ibi
813 3346 945 3403 meueut
969 3346 1003 3400 et
1024 3345 1126 3401 totum
1146 3355 1249 3422 corpur

102 3443 263 3506 ecclesiae
294 3461 445 3508 romanoe
477 3452 510 3507 et
536 3442 656 3506 letinae
692 3452 955 3528 repraesentent,
987 3442 1106 3526 quihus
1145 3445 1247 3506 rnre

104 3547 220 3606 montis
243 3544 334 3629 Sycn
354 3547 542 3615 necessarie
570 3566 627 3630 per
649 3548 807 3612 foramina
828 3539 940 3632 portes
970 3546 1130 3610 ecclesiae
1153 3549 1245 3630 porri·

102 3655 191 3730 gout.
234 3649 365 3714 Hchcut
387 3662 493 3718 cutem
514 3654 547 3715 in
568 3653 639 3734 ipso
668 3653 786 3736 templo
807 3651 976 3736 potissimo
1001 3656 1035 3712 et
1057 3653 1244 3717 sanctissime

99 3749 183 3812 locs
226 3751 313 3816 Nem
338 3755 452 3820 claves
474 3757 652 3824 dulcissimi
673 3758 805 3822 Domini
825 3759 909 3822 lesu
945 3754 1109 3838 sepulchri
1129 3765 1158 3822 et
1177 3777 1242 3842 epe-

101 3853 218 3930 luucce
237 3854 300 3936 ipsi
321 3858 451 3943 hahent,
467 3863 637 3948 ipsumque
658 3865 806 3946 aperiunt
827 3873 860 3927 et
880 3862 1044 3942 cloudrurt,
1065 3863 1118 3925 cui
1136 3863 1239 3944 volunt,

101 3959 188 4018 etin
209 3975 248 4022 eo
269 3958 393 4024 Missas
414 3965 591 4050 celebrent,
615 3965 743 4051 quaudo
764 3967 882 4050 pleect.
913 3967 992 4046 Nec
1010 3965 1127 4032 oudcut
1144 3985 1238 4032 sacer·

101 4060 194 4138 dolos
226 4062 359 4126 eliorum
389 4077 550 4142 sectarum
571 4074 605 4134 in
637 4089 676 4135 eo
708 4073 889 4155 celebrere,
911 4073 974 4136 uisi
1002 4071 1042 4134 de
1078 4073 1236 4136 hstiuomor

102 4181 259 4250 expresso
272 4166 494 4244 ,requisitione
527 4181 559 4232 et
590 4173 730 4237 licentio.
774 4175 922 4252 Qualiter
951 4185 1057 4241 autern
1088 4177 1161 4240 haee
1184 4188 1233 4240 ten
