2716 4798
710 37 772 102 112

150 215 308 286 insulem
331 215 469 284 densete
490 217 618 282 fuisset.
666 216 735 283 Sed
761 220 838 304 quie
860 219 963 284 voluit
985 237 1062 284 esse
1082 238 1212 303 mare,
1238 223 1329 284 maen

151 343 252 412 aqua,
279 324 340 388 sed
361 325 463 395 salsa.
502 327 640 408 Insuper
670 325 1085 390 Aristotelosa.1t1ueor.
1119 346 1195 409 per
1222 326 1329 408 longo

153 433 297 516 disputat
315 431 357 494 de
379 447 482 495 causa
499 429 675 494 salsedinis
696 433 812 496 meris:
835 432 896 495 sed
926 441 1055 515 praeter
1075 450 1134 515 ea,
1161 451 1269 515 quac
1289 433 1329 512 ips

151 538 347 602 Aristoteles
367 538 579 621 determinat,
602 536 733 623 quidam
753 538 877 620 dicunt,
898 537 986 620 qued
1008 540 1083 620 quia
1104 546 1208 600 terra
1232 539 1329 618 ignita

154 665 177 711 a
195 647 283 728 sele,
313 643 445 708 resudat
473 643 515 706 de
544 661 584 705 ea
614 643 806 729 humiditas,
837 644 975 726 quaein
996 660 1035 705 ea
1056 652 1126 726 est,
1161 652 1205 706 et
1242 647 1291 704 ita
1309 661 1329 706 er

152 753 217 814 isto
240 750 359 814 sudore
386 766 475 812 unare
497 747 729 834 cougregdtur,
751 758 785 812 et
805 751 881 832 quia
901 748 1001 812 sudor
1021 749 1133 812 salsus
1154 757 1237 829 ost,
1263 763 1329 809 nun

154 874 228 920 οιιιι
251 857 295 918 sit
317 863 423 918 terrae
447 853 563 937 sudor,
585 854 709 919 salsum
731 862 791 916 est.
824 854 902 917 Ideo
921 855 969 918 illi
989 853 1112 938 dicunt,
1135 854 1238 938 quod
1260 871 1329 916 mun

154 962 234 1027 nihil
260 959 347 1024 allud
367 961 427 1042 sit,
449 961 513 1024 nisi
533 958 635 1022 sudor
662 968 768 1022 terrae
792 969 954 1023 aeternus.
997 961 1065 1026 Alii
1086 959 1226 1044 dicunt,
1261 957 1329 1041 quel

155 1070 233 1152 quio
253 1085 344 1132 mare
365 1064 508 1128 torridae
534 1083 639 1128 zonae
667 1073 773 1128 terrae
794 1067 1036 1149 superpositum
1057 1073 1125 1148 est,
1161 1085 1214 1128 ex
1238 1065 1326 1127 calore

154 1173 227 1255 eJns
259 1175 421 1255 spissatur
450 1170 536 1234 siout
563 1170 627 1233 ulle
657 1189 741 1254 aqua
772 1170 876 1234 dulcis
902 1187 961 1253 per
989 1170 1132 1234 calorem
1166 1172 1208 1232 in
1241 1171 1325 1232 sulen

154 1279 280 1358 uomit
322 1275 389 1338 Alii
412 1276 521 1339 dicunt
532 1319 543 1359 ,
571 1276 658 1358 quod
679 1286 765 1340 terra
793 1275 952 1361 quaedam
974 1284 1025 1339 est
1047 1276 1156 1359 salsa,
1180 1281 1242 1340 oni
1267 1295 1323 1340 cun

155 1401 243 1468 aqua
261 1382 359 1446 maris
379 1381 596 1463 admiscetur,
620 1383 709 1446 salsa
729 1383 766 1446 iit
796 1400 816 1443 a
841 1389 942 1464 terra3
966 1381 1015 1445 sic
1043 1399 1148 1463 aque,
1170 1399 1263 1466 quoe
1281 1400 1322 1464 pc

155 1491 283 1552 cineres
311 1487 454 1569 colatur,
476 1486 513 1549 fit
543 1487 640 1552 salsa
682 1487 750 1550 Alii
780 1487 908 1569 dicunt,
937 1484 1024 1570 quod
1053 1485 1110 1549 illa
1136 1487 1321 1550 salsedoit

156 1602 288 1676 propter
309 1590 449 1654 calidum
472 1610 625 1674 vaporem
657 1591 834 1656 admixtum
864 1607 968 1674 aquae
993 1591 1149 1674 partibus·
1197 1593 1320 1654 Nema

155 1698 255 1762 sudor
287 1705 320 1760 et
355 1697 465 1778 urina,
496 1695 530 1759 in
552 1699 668 1780 quibus
703 1700 770 1782 agit
791 1695 960 1778 caliditas,
991 1697 1209 1761 irrueniuutnr
1240 1698 1319 1760 suisa

157 1803 225 1866 Alii
251 1802 380 1885 dicunt,
402 1802 487 1885 quod
509 1803 589 1866 solis
611 1802 726 1867 ardore
746 1803 845 1866 maris
864 1803 969 1884 liquor
987 1803 1141 1865 siccatur.
1167 1802 1233 1866 Sol
1253 1805 1319 1866 euin

156 1918 208 1974 est
228 1917 355 1972 torrens
377 1917 513 1992 cuncta,
534 1909 746 1992 sorbensque,
767 1909 881 1991 sicque
900 1911 981 1970 mari
1001 1908 1066 1970 late
1083 1910 1215 1990 patenti
1237 1909 1317 1970 salsis

156 2031 253 2096 sapor
274 2015 472 2095 incoquitur:
505 2014 613 2076 calore
635 2031 713 2096 ergo
743 2013 824 2076 solis
846 2021 878 2074 et
899 2013 1065 2076 stellarum
1086 2031 1176 2096 equa
1200 2014 1317 2076 decocta

156 2119 247 2182 salsa
261 2118 409 2200 efficitur,
425 2120 539 2203 sicque
560 2137 645 2202 aque
664 2119 706 2181 du
717 2118 778 2181 lcis
795 2137 854 2202 per
875 2119 1095 2183 decoctionem
1116 2119 1169 2182 sel
1185 2119 1316 2198 efficitur,

157 2233 190 2287 et
211 2224 330 2306 honre,
363 2227 418 2308 qui
438 2227 563 2296 ¹vinum
596 2222 691 2288 dulce
723 2233 755 2286 et
776 2239 894 2305 equam
914 2225 1041 2288 dulcem
1079 2225 1179 2308 bibit,
1231 2227 1316 2288 sulen

157 2332 281 2393 urinam
301 2331 431 2414 mingit,
454 2333 530 2414 quia
563 2331 652 2393 calor
672 2329 916 2396 amaritudinem
937 2330 1072 2399 inducit.
1113 2329 1182 2394 Alii
1213 2331 1315 2414 dicunt,

158 2435 244 2519 quod
265 2436 315 2499 sol
338 2436 489 2500 exhaurit
509 2435 665 2518 liquorem
688 2433 815 2498 dulcem
837 2444 871 2498 ct
900 2443 1046 2518 tenuem,
1068 2453 1166 2519 quem
1194 2437 1315 2500 faciliter

157 2543 211 2604 vis
240 2542 329 2624 ignis
364 2541 497 2604 attrahit
529 2549 562 2602 et
592 2539 784 2624 relinquitur
815 2541 919 2604 omnis
949 2543 1095 2624 asperior
1126 2545 1314 2626 crassiorque

158 2647 281 2729 liquor,
314 2645 400 2706 uude
427 2662 553 2720 eumnra
580 2645 668 2709 unda
698 2647 796 2709 maris
825 2645 948 2710 dulcior
967 2655 1038 2729 est,
1067 2645 1139 2729 (ΙΙ)
1161 2650 1229 2711 ima
1254 2667 1314 2712 vero

160 2752 308 2813 amarior.
351 2749 394 2810 Et
414 2749 511 2809 lunae
539 2749 669 2830 quidem
700 2751 886 2819 alimentum
917 2760 969 2814 ert
996 2753 1030 2813 in
1052 2750 1200 2815 dulcibus
1228 2755 1313 2838 equis,

161 2853 243 2916 solis
264 2860 372 2916 autem
394 2853 428 2914 iu
456 2854 584 2916 amaris.
627 2855 776 2920 Marinae
796 2859 894 2921 etiem
915 2874 1020 2940 aquae
1038 2857 1187 2940 gelantur
1207 2859 1312 2920 tordius

160 2975 258 3041 quern
290 2955 420 3041 dulces,
455 2965 487 3020 et
513 2961 736 3023 accenduntur
770 2960 919 3024 celerius.
972 2961 1077 3027 Mixto
1112 2969 1162 3024 cst
1197 2966 1313 3047 ergoin

161 3064 242 3126 mari
263 3061 394 3126 salsedo
418 3061 599 3150 dulcedini,
629 3065 840 3149 quod'videri
863 3074 970 3150 potest
998 3069 1032 3130 iu
1054 3084 1109 3129 eo:
1139 3067 1168 3129 si
1189 3085 1250 3132 vas
1270 3069 1313 3131 let

163 3166 205 3232 de
225 3183 318 3253 cera,
341 3177 376 3232 et
399 3169 520 3253 ubique
541 3171 732 3253 obstruitur,
754 3191 797 3234 ne
817 3189 903 3254 aqua
922 3175 1044 3235 intrare
1063 3173 1175 3255 possit,
1196 3183 1227 3236 et
1249 3175 1312 3237 mari

161 3276 343 3360 inponitur,
361 3283 439 3340 tunc
459 3294 544 3361 aqua
564 3285 738 3362 penetrans
760 3283 793 3338 et
815 3277 975 3343 distillans
995 3297 1055 3362 per
1073 3275 1210 3360 parietes
1225 3282 1312 3361 vasis,

161 3381 250 3444 intas
279 3383 317 3447 tlt
348 3381 451 3448 dulcis
485 3391 518 3446 et
539 3383 708 3466 potabilis,
739 3390 773 3444 et
802 3385 896 3466 quasi
925 3401 984 3466 per
1012 3382 1211 3469 colatorium,
1239 3385 1311 3470 quod

163 3499 308 3548 crassum
330 3495 361 3547 et
382 3489 505 3554 salsum
527 3499 595 3573 est,
627 3487 814 3552 secernitur.
858 3487 895 3552 Si
917 3488 990 3572 quis
1013 3491 1110 3552 etiam
1128 3488 1216 3570 junu
1236 3509 1311 3554 mare

162 3585 197 3648 iu
226 3585 319 3650 litore
347 3589 475 3658 foveam
497 3594 632 3679 lecerit,
662 3613 747 3678 aqua
767 3595 801 3658 iu
822 3613 895 3658 eam
924 3613 966 3658 ex
987 3595 1069 3658 mari
1088 3593 1245 3677 percolata
1264 3617 1311 3680 per

163 3705 293 3752 arenam
324 3691 427 3758 doloris
457 3705 489 3758 et
511 3699 663 3781 potabilis
685 3700 730 3762 fit.
772 3700 840 3764 Alii
862 3716 996 3766 causam
1027 3699 1195 3764 salsedints
1223 3704 1309 3766 murlo

162 3793 268 3877 megs
297 3793 509 3880 theologicam
553 3807 734 3886 assignant.
792 3805 947 3871 Sanctius
994 3811 1048 3877 est
1082 3807 1165 3868 enim
1203 3806 1306 3892 dicere,

163 3900 269 3983 ipsunt
298 3919 388 3966 mare
416 3906 466 3968 sic
497 3906 619 3971 salsum
652 3917 795 3973 creatum
817 3911 931 3974 alteo
964 3911 1083 3993 frdsse,
1117 3913 1196 3974 sicu
1223 3914 1305 3978 elion

163 4006 298 4072 aliorum
316 4007 545 4074 elementorum
567 4028 666 4074 unum
678 4013 851 4095 quodquod
870 4016 1033 4096 propriant
1048 4015 1145 4080 habet
1162 4025 1303 4100 namnam

160 4112 207 4178 ita
228 4118 324 4186 etiam
344 4118 423 4186 marl
442 4115 682 4178 connaturalem
703 4132 781 4177 esse
801 4114 1016 4199 sabelium,
1042 4117 1130 4202 quod
1150 4119 1207 4181 nist
1225 4127 1301 4182 esset
