2914 4850
224 387 448 480 perpenditur,
469 390 589 470 quanta
606 379 679 444 loea
699 374 755 440 illa
775 371 982 438 sanctissima
1003 367 1168 438 exundant
1187 349 1291 431 band
1314 337 1352 432 dd

226 497 323 565 lande
344 503 377 559 et
396 490 517 577 gloria,
539 491 660 571 quanta
679 481 800 582 virtute
824 477 859 544 'et
881 478 1039 563 dignitate
1056 481 1250 564 praestant,
1286 462 1353 560 qui

227 601 363 690 proinde
385 594 574 675 devotione,
594 589 625 652 si
642 589 699 654 via
721 585 763 650 ad
783 586 823 649 ea
841 584 939 649 nobis
960 592 1050 649 esset
1070 582 1182 666 aptior,
1203 579 1291 664 jure
1313 575 1354 651 mr

227 720 326 791 toque
347 709 460 768 essent
480 703 548 760 tum
567 687 770 775 honoranda,
799 701 867 755 tum
889 687 1063 756 visitanda
1106 685 1240 765 Quanto
1269 684 1355 748 colen

229 812 367 892 1111111,
402 820 485 889 quae
510 801 636 883 etipsa
659 805 764 860 mater
790 797 920 861 Domini
948 795 1069 879 laria,
1103 793 1197 876 virgo
1232 797 1356 874 perpet

231 896 398 1002 ejus'post
419 906 653 986 ascensionem,
670 899 826 968 dictarum
847 921 953 965 rerum
976 900 1016 963 ob
1029 895 1225 970 *memoriam
1250 903 1356 957 nont

229 1019 363 1090 inuoluit
383 1013 482 1080 multo
499 1017 577 1095 post
601 1017 762 1100 tempore,
784 1026 882 1091 quam
901 1003 1141 1070 ardentissimis
1165 1001 1357 1065 desideriorr

229 1125 381 1212 inigniis
401 1113 639 1185 honorabiliora
660 1112 754 1176 nubis
783 1109 901 1175 effecit.
943 1113 993 1174 Ita
1013 1117 1047 1171 et
1076 1105 1222 1190 reliquae
1251 1106 1358 1172 mulier

228 1239 365 1300 sanetum
389 1226 470 1290 'looa
510 1221 594 1307 ipsa,
624 1233 859 1300 saepenumero
893 1210 1104 1281 devotissime
1151 1211 1359 1274 exosculans

229 1346 328 1420 atoue
356 1309 444 1398 huno‘
469 1326 503 1389 in
525 1324 655 1388 modum
685 1321 833 1409 plerique
852 1319 906 1384 alii
927 1321 1098 1403 utriusque
1120 1333 1225 1380 sexus
1255 1315 1360 1381 bomin

230 1442 348 1506 faeere.
389 1435 477 1498 inter
498 1446 580 1513 quos
608 1425 817 1519 bpatissimns
840 1425 945 1508 linget
965 1425 1202 1509 Hieronymus,
1224 1421 1360 1485 eorunde

228 1545 373 1609 locorum
404 1534 509 1600 enitor
539 1542 572 1596 et
602 1526 797 1595 inhabitator
830 1530 1042 1620 praecipuus,
1082 1527 1137 1614 qui
1157 1527 1191 1593 in
1219 1527 1361 1590 diversor

231 1646 356 1712 Mariae
378 1640 419 1704 ad
437 1653 596 1722 praesepe
605 1633 736 1701 Domini
757 1636 791 1698 in
811 1635 1070 1701 bethlehemitico
1096 1631 1259 1718 tuguriolo
1277 1631 1362 1696 latitn

230 1761 332 1835 atque
356 1742 548 1811 commorari
572 1741 713 1804 romanis
747 1728 899 1824 praeludit
931 1739 1067 1803 delioiis.
1109 1740 1160 1801 Ita
1188 1735 1363 1800 devotissiu

233 1848 339 1929 Paula
370 1855 403 1910 et
426 1843 639 1915 Eustochium
670 1862 744 1908 oum
769 1844 881 1909 multis
914 1843 1111 1928 virg'uubus,
1142 1849 1175 1907 et
1202 1838 1364 1905 venerabil

232 1953 406 2036 Marcella,
445 1970 488 2014 ex
515 1943 622 2014 Roma
656 1947 762 2014 literis
798 1947 863 2014 iam
889 1949 1045 2017 &tarum
1075 1934 1242 2012 ad'vooota
1286 1945 1365 2020 Sint

233 2059 376 2126 Melania
383 2103 403 2142 ,¹
425 2028 539 2118 mulie'r
559 2053 687 2136 urbica,
719 2072 796 2118 eum
815 2054 918 2122 multa
937 2053 1060 2118 familia
1084 2053 1222 2116 Romam
1247 2049 1365 2115 deserui

235 2136 603 2246 Jerosolymam’potiit,
630 2155 740 2242 ibique
761 2160 992 2223 monasterium
1013 2155 1209 2239 eonstmxit,
1233 2154 1312 2222 Deo
1334 2171 1366 2219 on

236 2267 470 2355 qninquaginta
484 2255 683 2345 'virginibus
712 2252 877 2329 'serviens
927 2262 1042 2347 Haeo,
1076 2271 1114 2326 ut
1140 2261 1367 2343 Jerouymooi

235 2361 374 2457 epistole
401 2369 443 2436 ud
467 2368 602 2434 Paulam
631 2367 848 2468 consolatoria
877 2383 976 2450 super
1012 2366 1201 2432 dormitione
1228 2367 1368 2432 Blessillt

237 2479 330 2558 dicit,
352 2474 439 2562 quod
460 2491 525 2537 nna
543 2473 626 2536 bora
645 2474 768 2557 virum,
790 2479 823 2534 et
845 2471 927 2536 dnos
947 2472 1066 2535 liberos
1087 2471 1210 2555 amisit,
1232 2492 1312 2536 mox
1329 2487 1368 2535 on

236 2583 334 2665 omni,
356 2599 452 2665 quam
472 2575 622 2660 babebat,
643 2579 854 2658 possessione
875 2577 939 2641 iam
958 2577 1078 2661 hyeme
1097 2575 1274 2660 nauigauit,
1289 2578 1368 2642 nolen

238 2697 430 2772 oportunum
463 2682 682 2768 navigationis
718 2693 846 2766 tempus
878 2689 1078 2766 exspeotare.
1133 2681 1240 2766 [lom.
1274 2683 1304 2746 1.
1331 2677 1368 2745 liol

241 2791 313 2860 169.
334 2787 394 2873 9.]
439 2783 508 2853 &d
529 2793 562 2847 et
583 2785 733 2870 Fabiola,
755 2787 940 2870 ingentibus
962 2786 1124 2850 derelictis
1145 2786 1275 2870 opibus,
1297 2803 1368 2849 narrt

239 2894 459 2974 Hieronymus
480 2889 1119 2978 11111111111911111111101111111
1149 2891 1255 2974 [Tom-
1278 2891 1309 2954 1.
1330 2889 1368 2953 ro

241 2995 311 3061 197.
335 2995 425 3078 sqq.]
447 2995 581 3058 venisse
602 2995 634 3058 in
657 3002 775 3060 terram
795 3004 959 3080 sanetum,
981 2997 1025 3060 ibi
1044 3003 1246 3060 moraturam.
1273 2977 1368 3060 ¹Sion

239 3107 374 3164 sanotae
395 3099 554 3165 foeminae
576 3098 618 3166 ad
644 3099 717 3168 loca
736 3110 851 3164 saneta
880 3100 1147 3182 transmigrantes
1168 3098 1340 3164 Rusticum
1357 3118 1368 3160 1

239 3223 279 3268 sa
297 3187 474 3286 vocavere,
503 3211 541 3266 ut
571 3201 670 3277 babet
696 3203 916 3288 Hieronymus
937 3204 970 3268 in
998 3203 1136 3287 epistola
1164 3203 1206 3266 ad
1233 3203 1368 3270 Rustiun

240 3309 345 3392 [lom.
370 3309 398 3372 1.
419 3306 491 3370 liol.
512 3307 602 3390 bill]
635 3288 706 3383 'Sed
729 3317 762 3372 et
782 3308 946 3392 Susanna,
967 3308 1084 3372 nobilis
1104 3308 1209 3391 virgo,
1237 3307 1279 3371 do
1298 3309 1368 3374 Ron

239 3411 428 3476 lietblehem
450 3409 537 3476 adiit.
579 3406 682 3494 Cirjus
697 3394 812 3477 'tumen
844 3413 1060 3495 peregrinatio
1090 3414 1124 3480 in
1145 3412 1262 3476 malum
1291 3415 1368 3477 oessi

239 3523 275 3578 ut
302 3516 521 3598 Hieronymus
548 3515 582 3579 in
615 3516 753 3600 epistola
789 3517 1007 3600 objurgatoria
1040 3515 1081 3579 ud
1117 3515 1251 3580 eandem
1285 3536 1368 3581 asser

241 3619 347 3701 [lom.
369 3621 401 3682 4.
422 3619 492 3682 lini.
508 3619 580 3690 139.
600 3620 691 3716 sqq.]
713 3623 851 3703 Insuper
868 3621 907 3682 B.
919 3621 1140 3703 Hieronymus
1161 3619 1269 3684 multis
1290 3624 1367 3686 serii

240 3721 395 3804 epistolar
430 3721 632 3788 invitatorias
668 3724 709 3788 ad
741 3724 815 3789 looa
844 3731 968 3792 saneta.
1022 3723 1116 3788 Siout
1149 3721 1193 3788 ad
1225 3723 1368 3807 Apronin

241 3825 348 3906 (Tum.
371 3827 403 3890 2.
425 3825 495 3890 nol.
526 3827 617 3911 130.)
659 3830 702 3891 Et
733 3823 936 3892 meodoram
972 3837 1119 3893 11111111
1144 3828 1330 3914 foeminam3
1356 3849 1368 3891 a

240 3925 401 4010 Abigaum
422 3947 555 3996 uoeoum
576 3933 913 4016 Π11.1.1ὀ1103.)
934 3932 1192 3996 HtDesiderium
1211 3932 1245 3995 in
1265 3933 1368 4016 epistol

240 4040 337 4094 vocet
369 4031 477 4114 (Tem.
513 4033 543 4099 3.
578 4036 647 4099 lbol.
688 4037 777 4119 198.)
829 4037 871 4100 llt
903 4037 1093 4101 Marcellam
1129 4055 1188 4118 per
1222 4037 1368 4121 epistolar

240 4143 404 4218 tamquam
424 4155 483 4219 per
512 4139 644 4206 Paulam
667 4145 699 4202 et
719 4131 931 4204 uostooht'om
952 4143 1103 4227 missam,
1134 4140 1279 4205 allona
1303 4159 1368 4206 voor

242 4238 284 4302 ad
305 4239 378 4304 loru
402 4250 531 4326 sarreia,
554 4242 751 4308 'collaudans
774 4245 859 4309 ultra
890 4244 1019 4310 modum
1049 4255 1168 4311 terram
1188 4255 1368 4331 sanetum«
