2736 4768
76 313 230 379 hominos
251 315 383 396 superbi
404 322 437 378 et
464 312 755 402 passionatis'simi5
787 315 861 380 ideo
893 317 1019 383 divine·
1036 319 1249 404 dispositione

4 477 6 484 ,
77 428 191 488 mum
212 436 287 482 esse
309 418 416 502 credo,
433 428 472 483 nt
482 417 712 502 separarentur
732 441 753 485 a
773 423 877 508 nobis,
895 433 929 486 et
951 425 1048 506 galdo
1064 429 1113 490 sic
1135 447 1249 512 repur-

76 533 221 608 garetnr.
268 523 446 589 vitreium
478 542 553 590 cum
583 529 633 588 eis
660 531 884 592 venissemus·
900 533 936 592 in
966 532 1143 598 Ierusalem
1170 539 1244 598 sino

73 631 254 713 sanguinis
273 629 433 694 effusione
455 639 487 694 et
508 631 687 712 aliquorum
707 622 879 700 occisione.
922 635 1105 703 Mansimns
1136 649 1245 708 sutem

76 750 147 818 per
167 753 268 800 mam
303 745 430 799 noctem
458 737 492 798 in
522 735 683 817 Corcyra,
722 736 917 803 dormientes
946 741 980 803 in
1008 745 1096 815 naui.
1146 745 1247 808 P'orro

77 840 195 904 eedem
217 849 313 907 nocte
333 843 432 908 raldo
451 841 614 924 perterriti
634 841 764 905 fuimus.
806 843 893 908 Nam
915 862 988 909 oum
1010 847 1074 912 iam
1096 850 1249 915 tenebrae

77 950 196 1010 essent
216 948 255 1008 in'
272 965 364 1028 sero,
396 947 556 1012 etmdnuo
577 947 612 1008 in
642 947 801 1030 colloquio
814 947 913 1033 juxta
933 951 1054 1016 malum
1076 961 1247 1036 staremus,
1272 967 1276 975 '

77 1051 467 1137 deprehendimusmam
476 1052 624 1117 adenem
639 1053 769 1116 boream
787 1051 902 1136 galiae
917 1063 1049 1118 nostroe
1062 1058 1248 1144 edhoerere,

74 1157 113 1220 iu
135 1165 316 1240 qnaterant
336 1158 435 1240 turoi,
457 1159 692 1242 exploratores,
712 1168 746 1221 et
767 1159 935 1240 cupientes
957 1161 1068 1223 audire
1088 1163 1249 1246 colloquia
1327 1155 1336 1168 '

75 1271 199 1324 nostra
245 1261 492 1326 Stetimautem
515 1263 556 1326 ad
582 1263 708 1346 lapides
733 1265 953 1342 cucurrimus,
982 1276 1059 1348 post
1085 1269 1248 1350 fugientes

70 1367 248 1449 jactantes.
290 1369 396 1432 Barca
415 1370 671 1452 veroprolapsa
691 1371 725 1432 in
747 1371 827 1440 mei
859 1369 960 1438 eitum
981 1382 1114 1455 repento
1141 1374 1246 1456 petiit,

75 1473 260 1536 et·evasit
309 1474 409 1535 Mane
440 1482 548 1540 autem
580 1475 670 1540 iacta
688 1475 910 1547 insonuerunt
949 1478 1109 1542 tubicines
1144 1479 1247 1542 nostri

73 1577 241 1658 baccinis,
277 1577 350 1640 sive
379 1587 575 1662 trinepotes,
603 1581 809 1652 insinuantes
844 1599 1010 1645 recessum
1041 1584 1180 1670 instare,
1213 1593 1248 1646 et

73 1683 186 1746 soluts
203 1680 301 1765 golia
316 1694 394 1750 out
415 1683 539 1754 laetitia
559 1693 595 1751 et
615 1695 714 1761 oamu
735 1689 840 1768 portui
854 1687 991 1753 dorsum
1006 1689 1172 1754 vettium.
1204 1689 1248 1753 ltlt

74 1790 208 1868 stabant
234 1788 398 1870 peregrini
426 1799 651 1876 remanentes,
682 1807 812 1875 uosque
845 1792 1052 1877 deridebant,
1083 1795 1246 1857 dicentes:

74 1913 143 1962 nos
171 1913 249 1958 esse
269 1895 416 1958 hormines
447 1895 656 1980 desperatos,
671 1906 718 1964 'ot
745 1895 907 1982 §tidelm
958 1897 1138 1964 Commune
1161 1899 1246 1963 enim

75 2001 213 2066 vertum
234 2001 298 2066 fnit
319 2001 353 2064 in
373 2000 539 2086 Corcyra,
553 2001 652 2084 'quod
671 2012 844 2088 autequam
864 2006 1029 2069 Melonem
1050 2005 1247 2086 veniremus,

75 2109 167 2189 eapti
198 2120 356 2172 esserum
399 2105 465 2170 Cic
494 2118 665 2188 argones
695 2109 737 2174 ale
765 2117 903 2190 inspectu
932 2110 1098 2192 Corcyrae
1126 2109 1246 2173 sublati

73 2229 206 2295 sumus,
230 2221 358 2276 etcum
381 2211 502 2294 gaudio
514 2221 560 2278 ·et
582 2214 697 2276 timore
720 2210 791 2290 (Ιὸ
800 2214 857 2292 Δ]
881 2216 1110 2296 processimus.

146 2317 262 2381 ·Por1·o
283 2317 332 2380 illi
350 2318 414 2383 Xlr
443 2317 624 2400 peregrini,
644 2319 709 2402 'qui
731 2327 953 2382 remanserant
985 2318 1136 2402 Coreyri,
1165 2336 1247 2381 corr·
1278 2312 1283 2323 “

76 2421 178 2488 ducto
198 2423 275 2486 navi
302 2423 433 2486 revomi
461 2420 538 2486 suit
566 2423 740 2506 Veneties,
770 2442 852 2505 qtae:
866 2441 940 2488 oum
966 2425 1152 2504 venissent,
1187 2443 1246 2504 pro

72 2537 169 2594 certo
197 2527 423 2611 divulgabant,
457 2547 520 2592 nos
555 2545 632 2590 esse
655 2535 778 2609 captos
808 2546 867 2610 per
898 2536 1017 2594 turcos.
1055 2527 1119 2590 Cio
1151 2529 1247 2592 etiam

75 2634 230 2700 nicaeam
248 2633 285 2695 iu
307 2635 446 2696 caeteris
468 2633 658 2712 civitatibus
674 2629 961 2716 Italica-Galliae,
984 2642 1017 2696 et
1039 2629 1243 2697 Germaniae.

74 2739 153 2802 Hoc
166 2747 282 2802 antem
304 2739 463 2803 iacientes
483 2739 638 2802 volebant
665 2755 758 2802 suam
786 2739 987 2820 timiditatem
1015 2738 1150 2822 palliare
1171 2755 1246 2800 cnm

77 2843 286 2908 diffortnniis'
310 2844 442 2908 nostris.
498 2843 593 2908 Unde
621 2844 658 2909 iat
692 2844 857 2908 nonnullis
895 2844 976 2910 locis
1006 2845 1138 2908 iderunt
1169 2841 1248 2908 mihi
1362 2853 1363 2882 t

77 2949 264 3014 moretm
297 2949 418 3014 missae
449 2948 492 3012 de
519 2947 679 3031 Requiem
706 2959 770 3030 p‘er
806 2948 971 3013 sueviam.
1025 2952 1133 3032 Ipsam
1162 2948 1248 3017 enim

78 3054 238 3119 Sneviotn
271 3063 318 3117 et·
332 3054 504 3120 nivosam
535 3053 714 3132 mendaciis
743 3053 809 3116 illis
848 3053 1063 3137 repleverunt.
1117 3056 1246 3117 Interea

78 3157 363 3242 prosperocmsd
393 3161 560 3227 Metonam
585 3161 755 3244 venimus,
784 3177 846 3241 nec
866 3160 1009 3242 pidimns
1031 3161 1071 3222 in
1091 3161 1172 3222 mari
1192 3157 1247 3220 vel
1362 3171 1363 3174 ’

74 3281 213 3349 partun
235 3267 437 3348 neomeniam·
452 3265 495 3329 de
514 3285 578 3349 qno
602 3267 867 3363 et'llietorpenses
888 3266 1096 3337 mirabantur.
1124 3253 1256 3325 Omnes'

79 3370 168 3454 enim
192 3370 342 3445 maritimi
363 3372 478 3435 timore
496 3388 615 3453 magno
632 3370 886 3452 erantporcslsi.
910 3369 993 3434 Cum
1009 3382 1126 3450 magno
1140 3373 1247 3428 sutem

4 3553 5 3574 Χ
78 3475 167 3540 serio
194 3474 377 3540 suadebant
403 3477 497 3543 uobis
524 3475 719 3557 t'neutonici,
751 3475 806 3556 qui
828 3475 956 3538 domum
985 3473 1030 3537 ibi
1050 3473 1184 3554 habent,
1206 3488 1248 3532 ne

77 3579 216 3644 ulterius
257 3581 409 3663 progredi
444 3597 710 3664 perseveremus,
756 3588 790 3643 et
823 3578 974 3643 dicebant
1015 3579 1109 3647 tuliis
1148 3575 1250 3638 multo

77 3683 244 3746 terribilia.
286 3685 359 3749 Nos
387 3704 466 3750 vero
494 3689 582 3750 sicut
608 3685 698 3768 prius
734 3685 781 3746 its
807 3694 848 3747 et
888 3702 974 3750 nuno
1002 3683 1090 3746 nullo
1126 3690 1249 3744 terrore

76 3791 210 3852 retracti
240 3788 283 3852 ad
309 3791 371 3854 iter
402 3799 547 3854 nostrum
580 3789 812 3873 perficiendum
844 3793 1080 3874 processimus,
1117 3795 1149 3848 et
1176 3785 1247 3850 Deo

77 3891 163 3956 duce
185 3910 258 3957 oum
276 3913 360 3977 pace
380 3903 413 3958 et
431 3898 504 3958 sino
520 3905 722 3976 perterrente
742 3896 874 3959 Cretam
888 3896 1047 3976 vernmus,
1055 3899 1248 3975 portumque

79 3994 227 4065 Candioc
272 4015 346 4064 mm
380 3997 499 4082 gaudio
527 4003 670 4083 ingressi
701 4019 824 4066 sumus.
875 4000 929 4063 Ad
968 4007 1113 4063 nostrum
1140 4002 1247 4058 mrtem

76 4103 263 4185 ingressum
286 4105 424 4168 accurrit
457 4107 554 4187 quasi
581 4114 649 4169 tota
676 4107 809 4188 civitas,
829 4104 942 4169 videre
970 4121 1042 4186 nos,
1071 4101 1148 4185 quia
1178 4105 1247 4160 erat

79 4216 336 4292 monstmoeurn,
374 4210 438 4274 imo
474 4209 806 4292 mimoulosum,rjam
842 4208 1059 4274 Christianam
1101 4202 1244 4269 Galeam
