2784 4772
629 95 691 160 1⁹5

66 279 250 363 praemisso
268 273 411 362 quodam
435 292 508 340 raro
526 275 691 362 dyptongo
710 287 742 340 et
764 279 875 346 tuens
890 281 923 344 in
950 287 1081 363 gnttnte
1106 280 1243 363 syllabis

66 404 132 448 non
158 383 268 464 Febr,
301 379 361 444 sed
382 367 543 462 quentin
572 401 688 446 nomen
712 387 789 448 milri
810 384 1045 468 inexprimibile
1076 385 1148 449 loco
1171 386 1242 468 ejus

68 489 246 573 ponebant.
283 484 378 550 illam
409 484 631 551 difficultatem
661 506 734 552 cum
755 490 810 554 illo
833 491 962 554 nomine
992 499 1107 572 postea
1128 492 1242 554 melius

66 595 190 658 noteui.
232 593 307 654 Fuit
329 590 415 654 enim
437 591 515 652 mibi
546 592 714 658 familiaris
744 595 853 660 iaetus
875 595 1003 678 quidam
1031 595 1242 678 Sarracenos,

70 699 210 764 Colinns
228 699 356 778 ¹rtrinor,
389 696 444 778 qni
475 695 593 762 italicis
624 700 734 762 verbis
753 700 949 783 aliquotiens
978 702 1094 784 petivit
1125 719 1243 764 nomen

67 825 186 870 meum.
239 801 309 866 Cui·
333 818 407 864 cum
436 819 509 865 enm
540 801 705 886 dicerem,
732 805 822 870 nullo
853 806 948 870 modo
980 815 1105 888 poterat
1136 808 1242 888 ipsum

68 912 266 994 exprimere,
287 905 348 970 sed
369 907 520 970 horribile
541 907 703 994 quoddam
732 927 849 974 nomen
871 911 943 974 loce
975 909 1048 992 ejus
1070 914 1241 996 expressit,

69 1016 110 1081 de
133 1032 199 1100 quo
220 1012 376 1096 mirober,
402 1011 598 1076 —cnmiuerit
619 1013 652 1077 in
674 1014 785 1096 lingua
816 1015 925 1078 italice
959 1017 1091 1098 peritus.
1136 1015 1241 1094 Quam

68 1121 181 1184 statim
210 1137 288 1202 ergo
310 1135 427 1180 nomen
459 1118 622 1200 peregrini
643 1127 676 1182 et
701 1121 754 1182 sni
779 1119 937 1204 genitoris
959 1121 1148 1202 inscriptum
1171 1122 1241 1204 fuit,

69 1225 202 1288 fueretrt
231 1223 276 1288 ibi
307 1223 494 1286 Sarraceni=
509 1223 670 1307 tepenti,
707 1226 762 1308 qni
789 1246 866 1290 mox
898 1227 1005 1309 ipsum
1037 1228 1242 1310 peragrinum

68 1337 260 1412 rapuerunt,
290 1338 323 1391 et
344 1329 521 1392 trabebant
542 1327 584 1390 ad
603 1326 768 1394 introitum
798 1331 968 1413 cujusdam
996 1331 1189 1396 tenebrosae
1210 1341 1244 1396 et

68 1443 223 1498 uetustae
242 1435 450 1498 habitationis
472 1434 622 1498 ruilione
641 1417 831 1519 testudinis,
860 1437 894 1498 in
915 1455 1011 1520 quam
1032 1437 1137 1518 ipsum
1160 1453 1242 1500 cott-

68 1540 258 1622 trndebant,
293 1540 379 1606 sicut
409 1539 483 1602 ovis
511 1539 579 1622 jam
611 1540 810 1623 enubenda
837 1541 993 1608 contrudi·
1016 1543 1049 1604 in
1081 1542 1243 1608 stabulum

68 1648 165 1710 solet.
186 1646 259 1727 (B)
277 1646 377 1707 Porro
397 1643 432 1706 iu
453 1644 525 1726 ipsa
541 1642 697 1726 spelmrca
717 1649 884 1729 septennis
901 1647 1242 1731 enindotgnniest),

69 1768 171 1835 wem
191 1751 400 1834 consequitur
429 1750 637 1831 peregrinus,
675 1750 750 1814 dum
782 1751 899 1816 devote
937 1753 1106 1834 ingressus
1137 1754 1242 1818 suerit.

69 1860 114 1918 Et
145 1857 294 1920 dicuntur
324 1856 406 1918 baec
437 1853 614 1936 speluncae
643 1857 775 1920 cellaria
802 1856 838 1918 S.
867 1854 965 1925 Petri.
1019 1857 1154 1939 Propter
1182 1859 1244 1922 bas

70 1961 295 2044 indulgentias
313 1970 345 2023 et
366 1959 447 2022 elias
462 1961 710 2043 consequendas
730 1961 821 2024 rnnlti
836 1960 879 2024 de
895 1961 1078 2043 peregrinis
1100 1962 1244 2026 fecerant

71 2069 166 2149 prius
186 2068 220 2128 in
250 2064 355 2148 geldis
377 2065 454 2129 mibi
476 2074 509 2127 et
537 2065 611 2128 aliis
638 2083 717 2128 suas
741 2065 985 2149 contessiones,
1016 2075 1050 2133 et
1071 2067 1169 2150 aliqui
1191 2070 1245 2134 bic

71 2173 107 2236 in
128 2173 222 2234 litore
242 2171 340 2234 maris
361 2169 607 2238 confitebantur.
629 2171 732 2252 Igitur
754 2189 827 2236 oum
847 2173 881 2236 in
899 2173 1074 2254 speluncas
1094 2191 1245 2238 essemus

71 2277 208 2358 intrusi,
229 2277 415 2340 invenimus
433 2276 539 2359 ipsum
563 2275 669 2341 locum
692 2278 868 2340 mannonis
890 2285 1021 2340 nostrae
1043 2279 1244 2344 abominabi-

71 2382 147 2444 liter
176 2364 339 2444 foedatum
365 2389 398 2443 et
436 2380 640 2463 deturpatum
676 2381 769 2444 urina
797 2391 830 2443 et
864 2381 1013 2446 burnonis
1045 2383 1244 2446 stercoribus

72 2493 208 2548 necerat
228 2485 320 2550 locus
342 2485 477 2550 sedendi
507 2488 570 2550 nisi
597 2487 630 2548 in
659 2486 868 2556 stercoribus.
911 2486 989 2553 ldeo
1020 2488 1245 2570 unusquisque

73 2590 225 2658 locellum
245 2604 304 2676 pro
325 2609 386 2656 suo
407 2592 600 2675 corpusculo
627 2591 804 2673 cogebatur
834 2591 1006 2674 mundare,
1040 2600 1074 2657 et
1099 2599 1245 2656 stercora

73 2697 212 2780 pedibas
231 2715 398 2760 removere
413 2697 457 2760 ad
475 2697 632 2760 medinm:
655 2696 743 2761 uude
758 2697 878 2763 sectum
898 2704 961 2778 est,
978 2695 1065 2780 quod
1086 2697 1119 2760 in
1138 2698 1244 2760 medio

70 2800 250 2868 habitmnli
287 2811 465 2884 congestus
497 2803 558 2866 suit
590 2819 729 2885 magnus
748 2800 898 2871 cumulus
927 2810 1106 2869 stercorum
1127 2811 1161 2864 et
1182 2803 1245 2866 im-

72 2906 310 2972 munditiarum.
336 2907 379 2969 llt
399 2907 578 2971 locavimus
597 2927 659 2972 nos
676 2906 717 2970 ad
730 2910 872 2996 parietes
888 2927 946 2989 per
957 2909 1125 2974 circuitum
1140 2927 1245 2975 nnus-

73 3015 216 3096 quioqne
247 3012 289 3076 ad
324 3013 409 3076 latus
440 3012 589 3094 alterius,
619 3014 705 3076 sicut
731 3014 765 3076 in
796 3011 908 3095 galda,
942 3031 1040 3096 super
1072 3014 1191 3081 nudam
1213 3025 1246 3078 et

74 3117 237 3181 marlidam
268 3119 409 3186 humum.
452 3120 540 3182 llcce
570 3135 665 3200 quam
690 3118 848 3184 miserum
879 3118 1119 3202 pandecbeum,
1150 3139 1245 3202 quam

75 3223 297 3288 defectuosum
320 3225 510 3308 hospitium,
531 3241 628 3306 quarn
650 3223 848 3289 immundum
870 3223 1104 3290 habitaculum!
1139 3225 1247 3288 Num-

76 3328 156 3412 quid
177 3332 292 3392 merito
322 3338 436 3412 posset
467 3331 659 3412 peregrinus
685 3327 825 3392 devotus
855 3335 889 3388 ct
910 3327 982 3394 Deo
1009 3327 1176 3390 familiaris
1204 3347 1246 3390 ex

76 3434 351 3516 pia-impatientia
372 3435 429 3498 nel
448 3436 555 3517 potius
578 3433 787 3498 adrnirmione
818 3431 979 3515 querulari
1010 3441 1043 3496 et
1073 3431 1197 3496 dicere:
1226 3453 1247 3498 o

76 3537 215 3601 Domine
235 3537 336 3623 hm,
358 3540 446 3622 quali
466 3538 646 3604 ennelitne
667 3539 786 3620 recipis
808 3546 881 3605 tuus
902 3539 1112 3622 peregrinos,
1142 3548 1247 3604 terrae

78 3653 153 3708 tuae
175 3649 315 3708 madae
328 3641 496 3728 bospnest
519 3645 560 3707 de
580 3643 803 3711 transmeantis
823 3651 857 3706 et
879 3643 1045 3724 cisalpinis
1067 3653 1101 3708 et
1122 3644 1164 3706 de
1184 3664 1246 3708 ex-

78 3749 192 3812 tremis
204 3750 315 3815 nundi
326 3751 471 3833 partibus
484 3751 681 3832 ¹uenientes,
702 3757 739 3812 ut
755 3748 864 3814 curiae
885 3756 960 3812 tuae
972 3766 1010 3810 se
1028 3756 1247 3830 praesentent,

78 3862 113 3915 te
132 3853 301 3938 honorent,
323 3873 426 3939 seque
447 3865 600 3939 tauquam
620 3855 739 3920 milites
761 3856 830 3936 regi
852 3871 911 3918 suo
935 3853 1120 3936 subjiciant.
1140 3853 1248 3916 Num-

78 3958 174 4042 quid,
194 3961 342 4041 piissime
361 3961 461 4043 dese,
486 3969 616 4044 propter
637 3971 670 4024 te
691 3971 780 4028 terito
809 3960 926 4024 itinere
955 3959 1055 4024 fessis
1077 3968 1109 4022 et
1131 3959 1249 4041 longae

79 4065 156 4126 viee
177 4064 287 4129 labate
307 4063 467 4132 coniectis
486 4062 645 4128 debueras
666 4065 781 4128 melius
799 4075 964 4146 sternere,
992 4083 1089 4148 quam
1110 4066 1144 4126 in
1166 4065 1249 4127 irre-

80 4177 229 4234 natorum
261 4171 473 4235 foetidissimo
504 4166 672 4236 stercore?
714 4169 881 4253 Numquid
917 4189 982 4234 non
1014 4169 1117 4238 babes
1152 4167 1249 4230 alium

977 4268 1038 4326 13*
