2792 4778
3 371 4 400 ,
98 316 206 380 leeum
229 311 415 377 tre'ns'eundi
437 311 561 397 darent,
577 323 609 376 et
629 313 717 378 viem
739 313 872 376 liberam
891 313 953 379 sibi
970 312 1124 392 lacerent,
1142 299 1270 376 hest'em
1290 301 1293 311 ⁷

3 469 9 492 ,
99 419 254 500 vibravit,
271 424 306 480 et
327 417 447 484 direete
470 416 582 482 ¹uentre
603 419 720 482 faeiem
738 437 842 482 meem
861 435 931 480 eem
947 411 1078 499 direxit,
1100 417 1152 479 eui
1168 410 1268 500 prop·
1267 435 1272 450 ’
1294 419 1326 470 ’.

100 533 151 587 ter
176 522 412 609 multitudinem
434 521 540 586 locum
562 522 667 586 dere
661 519 725 586 non
747 523 854 604 potui,
883 538 945 582 nee
966 519 1007 582 de
1028 521 1119 582 esino
1141 509 1270 634 erdere,

99 629 186 692 sieut
215 603 353 689 libenter
379 620 554 690 iecissem.
597 630 641 690 Et
672 629 720 690 ite
746 627 846 689 ietum
879 625 1043 688 venientis
1074 635 1187 688 eontra
1211 615 1272 688 rn'e‘

5 763 9 770 ·
98 725 241 796 eeeetus
257 731 307 794 sui
324 740 516 813 exspectare
538 748 611 792 eum
633 729 751 814 magne
774 739 894 793 terrore
915 735 950 790 et
969 719 1091 791 timore.
1108 718 1297 794 Veniens'

99 837 208 898 eutem
231 829 304 896 lorti
325 835 392 898 ietu
413 835 533 917 pileum
555 834 595 897 de
617 837 723 917 eapite
736 853 807 898 meo
826 852 898 896 eum
921 831 1008 914 ferre
1026 840 1122 896 teuto
1139 823 1270 919 evulsit,

99 936 139 1004 et³
155 935 312 1002 deridens¹
325 937 498 1020 'praeteriit
525 939 606 1002 'Fui
625 949 731 1002 eutem
754 939 859 1002 laetus
866 930 973 1022 ,quia
993 931 1098 998 'reensi
1120 937 1264 1024 illaesus,
1289 960 1292 968 ·

6 1070 10 1084 ·
99 1040 139 1106 et‘
150 1043 267 1106 tristis
280 1041 322 1104 de
343 1043 434 1106 esino
455 1042 617 1126 descendi
630 1045 664 1105 in
682 1037 820 1106 tumultu
839 1041 880 1105 ed
901 1038 1117 1124 quaerendum
1138 1041 1268 1126 pileum,

99 1143 198 1232 quiem
221 1146 350 1231 quidam
374 1147 566 1229 peregrinus
585 1147 764 1229 levaverat,
786 1145 825 1210 et'
841 1137 921 1210 mihi
941 1163 1014 1207 eum
1036 1142 1183 1210 reddidit.
1206 1149 1268 1212 Fui

97 1254 185 1316 bene
206 1259 392 1346 contentus,
413 1250 500 1333 qued
521 1251 577 1313 ille
596 1259 697 1314 artem
719 1251 874 1336 tangendi
896 1247 1032 1332 cuspide
1060 1241 1146 1333 rem,
1174 1237 1269 1335 prout

5 1399 7 1410 ·
97 1357 220 1439 veluit,
252 1358 335 1418 bene
364 1355 478 1442 seivit,
495 1356 595 1439 quie,
627 1358 656 1420 si
684 1376 746 1439 pre
782 1375 846 1438 uno
868 1365 1039 1418 tensverse
1072 1355 1173 1438 digito
1196 1355 1268 1438 (B)

98 1463 206 1544 magis
227 1463 326 1544 hesse
347 1459 507 1549 vilrreterp
528 1462 699 1542 tenuisset,
721 1469 839 1523 testem
860 1459 984 1522 cerebri
1005 1458 1083 1522 mihi
1104 1461 1269 1544 perfores-
1293 1465 1296 1472 ⁴

3 1607 6 1620 ι
98 1573 161 1630 set.
204 1565 306 1628 Breut
329 1574 438 1627 eutem
459 1563 506 1626 illi
527 1583 665 1648 nequem
685 1567 774 1628 servi
794 1563 937 1650 illorum,
964 1563 1021 1646 qui
1042 1583 1102 1631 nes
1130 1567 1269 1650 pecunie

7 1676 15 1697 ⁴
100 1668 354 1749 mulctaverent,
382 1677 414 1731 et
437 1686 509 1731 eum
532 1669 657 1732 leetitie
678 1669 720 1732 ed
742 1668 889 1733 dominos
912 1650 992 1730 sues
1024 1669 1156 1732 exibent
1187 1688 1268 1734 eon-

98 1770 281 1855 gaudentes
302 1772 351 1836 eis
370 1771 412 1835 de
432 1775 569 1858 pecunie
590 1783 724 1857 eeeepte
746 1781 786 1838 et·
799 1774 894 1837 nubis
914 1771 1127 1838 insultantes·

3 2030 6 2041 ·
119 2003 180 2078 De
203 2003 372 2101 ingressu
396 2004 667 2105 peregrinorum
690 2003 726 2076 in
750 2002 967 2120 Bethlehem
991 2001 1028 2076 in
1051 1999 1245 2094 eeclesiam

107 2135 111 2144 '
395 2127 416 2184 s
503 2123 704 2201 nativitatis
731 2121 881 2222 Christi.
957 2143 960 2150 ·
1314 2119 1316 2124 ’

154 2355 157 2360 .
185 2299 269 2366 Cum
286 2319 401 2390 'prope
438 2323 586 2372 essemus
628 2306 794 2370 eivitetem
827 2302 1018 2367 Bethlehem
1058 2321 1117 2386 per
1134 2303 1297 2384 ‘’jaetum

4 2413 6 2426 '
100 2425 198 2473 erens
219 2410 260 2476 eb
281 2411 353 2493 ejus
373 2412 514 2492 introitu,
536 2411 684 2476 venimus
703 2410 745 2480 ad
760 2409 879 2490 locum,
896 2408 930 2470 iu
952 2417 1106 2490 puderet
1125 2408 1269 2473 eisterne

3 2555 13 2570 ..
99 2511 225 2595 Devid,
247 2532 331 2599 qnae
351 2515 424 2580 idee
453 2515 573 2580 dieitur
593 2517 735 2580 eisterne
755 2511 882 2596 David,
905 2513 997 2596 quie,
1019 2515 1213 2578 ut'hebetnr
1233 2514 1265 2578 2.

85 2619 186 2701 λῆς.
206 2619 257 2684 23.
277 2618 396 2690 David
417 2619 459 2683 de
480 2636 522 2682 ee
540 2619 744 2684 desiderabat
766 2619 885 2701 bibere,
909 2635 983 2680 enm
1004 2627 1094 2682 esset
1115 2620 1148 2682 in
1169 2636 1276 2700 prae·-

2 2776 4 2793 ι
99 2723 200 2806 sidio,
222 2732 256 2788 et
275 2723 347 2804 ipsa
371 2724 516 2790 eisterue
533 2729 627 2787 esset
648 2723 863 2805 eireurusepte
883 2724 1022 2788 inimieis
1033 2767 1043 2805 ,
1075 2742 1138 2806 quo
1159 2730 1268 2786 temen
1292 2721 1298 2740 ³

2 2806 4 2823 ¹
85 2820 167 2890 'no'n
191 2828 342 2889 obstante
370 2837 436 2890 tres
468 2829 569 2890 fortes
593 2827 633 2890 de
648 2827 927 2914 ,exereitullevid
952 2830 1139 2910 'irruperunt
1159 2835 1268 2890 eastre

92 2931 342 2996 ,Philistinerum
380 2941 412 2994 et
444 2932 621 2996 hauserunt
661 2950 778 3016 equam
816 2931 858 2996 de
888 2934 1033 2998 eisterne
1064 2932 1266 3014 Bethlehem,
1293 2945 1296 2952 ’

7 3026 12 3046 “
101 3037 187 3121 quae
208 3045 277 3098 eret
294 3035 389 3117 juxte
408 3043 543 3119 portem,
559 3029 783 3100 et'ettulerunt
804 3035 846 3099 ed
855 3037 973 3119 David,
992 3037 1047 3120 qui
1064 3055 1135 3100 eam
1156 3038 1267 3100 bibere

101 3141 232 3224 noluit,
242 3139 301 3204 sed
320 3141 460 3204 Domino
482 3158 554 3204 eam
575 3141 696 3204 libavit.
738 3131 811 3205 use
830 3124 928 3204 enim
947 3141 1091 3207 eisternu
1120 3140 1265 3224 grandis,
1292 3153 1295 3160 ’
1328 3185 1331 3191 -

5 3326 11 3342 ἱ
101 3245 263 3329 profunde
283 3255 316 3309 et
337 3246 405 3310 lete
425 3264 584 3329 eeverne,
606 3244 730 3310 hebens
750 3247 900 3328 superius
922 3247 994 3309 trie·
1006 3263 1079 3328 ure,
1109 3244 1182 3306 sive
1202 3244 1267 3306 trie
1329 3291 1332 3296 .

101 3351 258 3414 foramine
278 3351 319 3413 eb
335 3353 477 3414 invieem
499 3350 669 3433 distentia,
701 3345 760 3433 per
785 3368 869 3432 quae
892 3367 977 3433 eque
999 3348 1040 3411 de
1059 3346 1172 3410 eedem
1192 3346 1267 3410 leeu
1294 3353 1296 3358 ‘

100 3455 255 3536 hauritur,
277 3461 311 3516 et
330 3455 475 3521 corruet
496 3441 598 3538 eques
620 3455 779 3537 eopioses,
806 3454 920 3536 elates,
945 3469 1044 3516 senes
1064 3461 1098 3516 et
1120 3449 1282 3534 frigidas*

4 3605 17 3646 ι,
100 3557 142 3620 de
174 3557 290 3638 quibus
315 3557 495 3623 hausimus
511 3565 546 3620 et
574 3559 720 3622 bibimus.
774 3558 905 3640 Vulgus
930 3565 1045 3622 temen
1079 3565 1111 3620 et
1140 3555 1267 3621 incolae

99 3660 291 3727 Bethlehem
329 3681 416 3727 nune
452 3662 679 3731 abominentur
708 3673 741 3727 et
765 3649 901 3727 'horrent
934 3679 1036 3745 eqrras
1063 3661 1154 3742 illes,
1190 3660 1297 3744 quie'

3 3793 5 3802 ⁴
99 3764 258 3848 quaedem
277 3765 390 3830 mulier
407 3769 612 3832 serreeeniee
628 3781 744 3852 equum
765 3767 893 3832 haurire
909 3767 1025 3830 volens
1046 3773 1123 3832 ente
1143 3782 1266 3848 paucos
1295 3775 1304 3815 '-
1340 3796 1343 3802 ·

6 3916 13 3934 .
101 3871 173 3935 dies
209 3878 243 3934 et
274 3870 404 3934 ineeute
433 3887 536 3954 egens
571 3891 634 3954 per
663 3889 713 3936 os'
730 3875 893 3936 eisternee
932 3872 1049 3954 illepse
1081 3873 1115 3934 in
1149 3887 1265 3954 equam

99 3974 216 4040 eeeidlt
246 3981 281 4037 et
302 3982 429 4040 mortue
452 3984 605 4039 'extraete
627 3975 695 4038 luit.
739 3977 791 4040 Ah
813 3977 869 4042 ille
890 3978 1032 4040 eisterue
1051 3976 1201 4042 venimus
1222 3974 1264 4036 ed

100 4078 186 4142 letus
213 4079 356 4146 eivitatis
389 4079 579 4149 benedietee
608 4080 799 4162 Bethlehem
805 4096 831 4165 ,·
852 4081 912 4146 sed
942 4101 1008 4146 nen
1039 4097 1152 4146 sumus
1191 4095 1264 4176 eam

3 4211 5 4224 ν
99 4184 260 4267 ingressi,
274 4193 306 4250 et
328 4185 370 4250 ed
391 4186 479 4254 letus
500 4185 574 4270 ejus
592 4186 804 4251 transivimus
824 4175 938 4257 eentre
958 4187 1131 4268 orientem,
1153 4191 1185 4248 et
1206 4201 1282 4266 per.
