2608 4842
164 394 253 450 retus
275 391 327 446 est
344 379 483 444 salutem
502 377 536 439 iu
549 373 655 438 medie
667 380 782 436 terrae.
803 365 905 432 Unde
945 358 1141 426 Hilariust
1161 353 1258 418 locutu.

164 489 301 554 telieest
320 494 358 548 ut
377 490 531 568 puuctum
547 477 710 562 [pesitus]
723 477 757 538 in
777 473 883 538 medic
911 479 1067 548 teme,
1088 462 1133 526 ed
1145 477 1261 542 capesse

163 591 227 667 Dei
241 590 457 673 cognitionem
473 585 638 650 universis
651 582 805 664 gentihus
827 583 925 640 esset
941 568 1130 654 aequalis
1153 565 1266 626 hecusu
1284 579 1285 632 3

163 697 218 772 ubi
239 713 321 758 crux
342 693 409 758 lire
428 691 500 774 luit,
522 699 555 751 et
576 689 678 770 rupis,
699 691 768 748 stet
787 683 830 746 ed
849 682 949 744 lutus
978 677 1151 740 dextrum
1162 669 1270 749 hnjusu

169 809 207 865 et
222 800 315 866 eheu
336 807 387 860 est
408 797 525 862 estium
548 793 590 856 de
610 793 709 856 chero
736 809 835 873 super
854 793 1028 849 montem
1062 777 1240 842 Calveriee
1256 771 1272 831 i.

165 923 245 990 erge
265 901 419 968 Christus
439 909 491 964 eet
511 915 653 982 persone
673 893 779 958 medie
799 895 834 954 in
854 891 1046 954 'l'rinitate
1079 893 1118 945 et
1143 873 1278 942 mediatori

166 1019 199 1076 et
225 1012 407 1090 homiuum,
438 1015 555 1068 tenens
585 1020 715 1086 semper
750 998 889 1062 medium
917 997 967 1059 in
1012 987 1144 1056 mundi
1173 983 1280 1047 rdeuh

166 1115 279 1180 muudi
290 1103 431 1181 medium
443 1109 553 1192 elegit,
565 1115 716 1172 statuens
739 1121 867 1168 crucem
885 1104 921 1164 iu
951 1097 1102 1162 medio.
1124 1091 1241 1172 nequo
1279 1083 1282 1089 '

165 1219 296 1288 videtur
312 1235 388 1282 esse
407 1214 487 1280 illud
509 1213 630 1280 Geues.
653 1213 707 1276 2:
748 1209 871 1293 Ιίςιιιιω
891 1209 1003 1269 vitae
1028 1203 1072 1265 in
1097 1195 1204 1260 medic
1219 1188 1280 1273 μέ.

169 1367 179 1388 .
203 1343 232 1387 e.
254 1341 336 1388 crux
358 1320 539 1388 christiin
560 1317 668 1380 medie
688 1314 808 1378 muudi.
831 1313 912 1376 ldec
934 1311 1107 1374 Denter.
1131 1302 1182 1365 lit
1215 1295 1285 1356 ΒΜ

166 1427 258 1492 Dens
283 1436 360 1492 tuus
380 1430 414 1490 iu
438 1423 542 1489 medie
564 1424 621 1486 tui
665 1423 708 1483 Et
728 1419 769 1484 de
797 1417 940 1481 ccclesia
979 1411 1113 1477 sancti
1137 1399 1285 1487 sepulchris

167 1535 251 1597 citur
269 1532 378 1594 Levit.
403 1530 475 1596 se:
505 1546 623 1612 penem
641 1523 883 1590 tubernaculum
911 1538 1041 1582 meum
1065 1517 1106 1578 in
1133 1507 1229 1574 medio
1244 1503 1285 1568 us

166 1640 188 1699 Ι.
210 1655 242 1707 e.
261 1635 418 1717 templum
435 1634 600 1719 sepulchri
621 1633 684 1696 ruci
705 1635 740 1694 in
760 1629 868 1693 medie
884 1623 1022 1690 mundi.

251 1741 290 1802 lu
309 1740 373 1802 hoc
393 1758 472 1824 ergo
502 1738 574 1804 leco
602 1735 759 1820 singulari
793 1731 932 1819 quodum
957 1725 1109 1814 gaudie
1143 1710 1282 1784 exultauit

169 1863 228 1928 pre
249 1861 307 1929 ee,
325 1843 412 1927 qued
444 1863 518 1908 cum
545 1843 651 1908 selme
683 1847 716 1902 et
743 1841 956 1923 prosperitate
1000 1834 1053 1897 de
1076 1821 1226 1892 extremis
1239 1823 1281 1873 uu:

171 1949 315 2035 pertibus
335 1947 447 2014 muudi
468 1947 609 2011 medium
631 1946 807 2030 attigimus,
829 1953 864 2008 et
886 1941 1053 2008 laudibus
1077 1933 1214 2000 nemun
1231 1913 1280 1978 td&

166 2056 387 2140 indulgentias
406 2055 593 2138 accepimus
608 2051 677 2134 (ᾖ).

228 2299 288 2378 lle
313 2300 409 2398 loco,
433 2304 494 2384 ubi
517 2311 672 2380 sanctae
691 2302 862 2378 mulieres
889 2299 1075 2378 viderunt
1103 2277 1265 2367 reveletur

516 2423 674 2528 lapidem
699 2449 722 2498 a
742 2432 980 2500 monumento.

252 2604 495 2672 Recedentibus
519 2607 613 2672 nobis
634 2607 674 2669 eh
696 2608 759 2670 hee
781 2607 853 2670 loce
886 2606 927 2669 de
956 2598 1166 2688 golgathnne
1193 2574 1276 2684 ΜΨ

168 2711 389 2794 perpetium,
423 2731 483 2794 per
513 2713 600 2796 quod
632 2713 841 2795 intravimus,
869 2711 1073 2775 reexivimus
1106 2703 1141 2766 in
1174 2681 1277 2786 effi

167 2814 274 2874 sencti
295 2813 477 2898 sepulchri,
504 2826 536 2878 et
563 2817 727 2881 inlocum
755 2819 929 2900 venimus,
956 2817 990 2877 in
1018 2830 1089 2896 quo
1121 2813 1185 2868 tress
1209 2783 1275 2850 w

166 2916 350 2999 venientes,
374 2925 410 2979 ut
431 2928 592 3002 ungerent
612 2923 738 3006 desum,
760 2922 913 2985 viderunt
934 2919 1124 2982 revolutum
1155 2898 1274 2984 lapident

170 3030 386 3104 monumento,
409 3022 450 3085 de
460 3043 523 3108 quo
545 3026 673 3090 luerunt
690 3046 750 3110 per
760 3027 847 3093 unm
859 3027 993 3091 multum
1011 3017 1161 3095 solliciti,
1175 3009 1275 3072 dicens

168 3126 243 3210 quis
264 3125 414 3190 revolvet
430 3130 526 3194 nohis
546 3129 685 3215 lapidem
706 3137 745 3196 eb
767 3134 851 3198 estio
873 3130 1086 3210 monumenti,
1100 3130 1134 3185 et
1147 3120 1201 3182 hee
1215 3101 1271 3182 tell

169 3233 295 3298 cientes
315 3232 468 3299 viderunt
488 3253 560 3300 eum
581 3238 772 3303 revolutum.
814 3239 852 3302 In
875 3238 946 3302 leco
967 3235 1022 3299 illo
1052 3231 1201 3296 intrante
1216 3221 1274 3295 pue

171 3337 288 3422 dimus,
314 3357 452 3424 eumque
477 3339 702 3408 deosculantes
719 3343 938 3424 indulgentias
959 3343 1144 3425 accepimus
1162 3324 1215 3406 (il-

256 3446 457 3510 Netendum:
479 3445 565 3528 quod
592 3448 777 3535 ubicunque
807 3447 882 3510 telis
912 3447 1038 3527 picture
1064 3451 1097 3506 et
1124 3436 1230 3517 signum
1251 3419 1274 3472 ⁶⁵²

316 3553 422 3613 sancti
445 3551 617 3636 sepulchri,
640 3560 673 3614 et
691 3553 843 3635 quotiens
865 3569 937 3614 cam
967 3547 1144 3625 inveneris,
1163 3531 1229 3598 scies
1245 3529 1268 3578 Μ

316 3653 352 3715 ίιι
368 3655 508 3719 ecclesie
523 3659 630 3720 sancti
647 3655 811 3741 sepulchri
831 3675 889 3739 per
910 3661 1036 3716 noctem
1047 3647 1193 3734 vigilasse
1205 3619 1272 3694 alde

319 3757 475 3823 minicum
495 3761 701 3844 sepulchrum
721 3765 839 3824 inmee
856 3757 1002 3825 secunde
1011 3743 1240 3840 peregrinatione
1249 3721 1267 3784 ll
1282 3767 1285 3900 p

316 3863 420 3944 prime
439 3881 519 3928 vere
539 3874 609 3932 tres
626 3875 740 3932 nectes
761 3866 796 3930 in
817 3883 858 3928 ee
878 3865 935 3928 fui.

641 3969 878 4040 sisne.
