2768 4780
115 2041 184 2118 Dc
207 2040 376 2142 ingressu
401 2041 679 2144 peregrinorum
701 2039 1028 2118 instructissimum
1053 2039 1199 2118 Domini
1278 2073 1280 2078 ’

483 2161 578 2239 Jesu
603 2160 845 2263 sepulchrum.

159 2365 442 2450 Expergiscemini
466 2383 570 2449 nnnc,
591 2372 627 2428 et
646 2366 773 2448 surgite
794 2364 911 2428 iratres
938 2375 970 2430 et
989 2346 1128 2430 'Domini
1149 2384 1247 2450 pere-

59 2471 179 2554 grini,
214 2480 248 2534 et
279 2472 321 2534 ad
349 2470 588 2554 procedendum
619 2470 759 2534 celerius
793 2469 961 2553 festinate,
993 2470 1053 2535 sed
1083 2489 1148 2535 non
1182 2471 1247 2534 nisi

68 2575 197 2640 festive
218 2577 336 2639 venite.
368 2575 503 2641 Omnem
526 2577 692 2640 tristitiam
715 2574 877 2657 deponite,
898 2576 1063 2659 lacrymas
1077 2577 1117 2640 ab
1141 2575 1247 2640 oculis

69 2679 198 2742 vestris
230 2681 423 2765 abstergite,
445 2699 466 2742 a
486 2680 768 2744 lamentationibus
789 2679 899 2764 silete,
921 2688 956 2744 et
970 2680 1244 2761 jucundissimum

71 2785 233 2865 paschale
252 2785 396 2871 Alleluja
416 2789 539 2869 pariter
560 2787 741 2868 concinite,
772 2802 848 2848 nem
867 2791 944 2869 post
965 2786 1070 2850 tristia
1088 2786 1248 2850 sabbatha

71 2887 156 2954 felix
178 2890 343 2954 irradiavit
357 2891 478 2956 mundo
500 2891 582 2973 dies,
596 2911 639 2956 ex
651 2888 799 2974 malido
821 2896 854 2951 et
871 2887 1043 2954 tenebroso
1063 2891 1246 2974 sepulchro,

72 2993 165 3076 quod
193 2995 259 3058 iam
285 2996 467 3078 ingressuri
493 3013 622 3078 sumus3
649 2995 749 3058 multo
776 2995 862 3058 cuim
887 2995 994 3080 magis
1023 2996 1084 3059 teir
1107 2995 1246 3060 mundus

73 3117 118 3162 ex
141 3117 182 3164 eo
210 3099 426 3184 illuminatus,
455 3119 593 3186 quama
621 3100 704 3164 caeli
733 3100 927 3164 micantibus
955 3099 1118 3165 sideribus
1149 3101 1247 3164 inerit

73 3201 270 3274 illustratus.
292 3205 413 3269 Venite
434 3224 512 3290 ergo
531 3223 604 3270 cum
626 3206 749 3270 laetitia
766 3213 804 3268 et
824 3203 930 3287 laude,
945 3213 978 3267 et
998 3204 1107 3269 videte
1128 3205 1245 3287 locum,

74 3307 132 3369 ubi
153 3309 283 3390 positus
305 3319 374 3374 erat
384 3311 554 3395 Dominus,
576 3320 611 3375 et
630 3312 802 3375 terminum
822 3317 957 3371 vestrae
972 3308 1243 3391 peregrinationis

74 3413 288 3495 conspicite..
310 3415 412 3497 igitur
435 3424 549 3480 cantor
579 3417 699 3480 festive
735 3423 768 3478 et
794 3411 939 3495 jucunda
964 3429 1049 3476 voce
1090 3412 1245 3494 hymnum

76 3517 283 3596 paschalem
317 3519 370 3583 Ad
391 3537 526 3584 coenam
554 3521 632 3604 agni
669 3516 796 3602 providi
816 3526 877 3580 etc.
906 3517 1087 3598 inchoavit,
1118 3524 1245 3580 etcum

75 3620 141 3684 isto
162 3631 259 3686 cantu
280 3625 511 3708 processimus,
532 3635 565 3690 et
586 3623 628 3687 ad
649 3623 870 3688 dulcissimum
880 3621 1011 3686 Domini
1031 3621 1115 3685 Jesu
1132 3620 1245 3705 sepul·-

77 3726 190 3790 chrum
211 3732 379 3813 venimus,
412 3736 446 3792 et
468 3739 543 3792 ante
577 3749 651 3794 eum
670 3731 799 3794 cantica
829 3729 996 3813 paschalia
1023 3745 1096 3790 cum
1123 3727 1245 3790 crebris

77 3829 219 3913 Alleluja
239 3835 496 3918 personavimns,
512 3852 586 3900 cum
607 3845 696 3900 tanto
717 3834 848 3920 gaudio,
866 3840 900 3898 et
920 3834 1006 3898 forte
1027 3849 1101 3895 cum
1120 3831 1244 3915 majori,

79 3950 118 3997 ac
140 3937 170 4000 si
191 3937 295 4001 festus
316 3940 387 4004 dies
414 3939 563 4004 Paschae
588 3949 662 4023 post
688 3941 880 4004 laboriosam
901 3947 934 4002 et
955 3941 1081 4002 tristem
1102 3933 1245 4019 quadra-

78 4041 235 4118 gesimam
257 4042 454 4108 advenisset.
497 4043 591 4108 Sicut
613 4044 697 4108 enim
723 4045 758 4110 in
779 4053 887 4108 monte
907 4040 1080 4108 calvariae
1112 4039 1243 4104 Christo

74 4140 211 4209 Domino
233 4157 344 4213 nostro
367 4151 676 4233 compressimus,
698 4157 732 4212 et
752 4147 914 4230 lacrymas
937 4147 1097 4228 fudimus,
1120 4146 1169 4208 sic
1190 4143 1244 4206 hic
