2716 4798
223 301 351 368 Octava
372 297 442 382 die,
464 314 548 381 quaa
570 303 639 359 crat
659 294 779 358 festum
794 291 1010 360 Asccnsionis
1029 290 1177 376 Domini,
1201 310 1318 356 asc*

139 407 246 472 dimus
266 404 309 468 ad
330 404 502 468 ecclesiam
524 401 559 464 S.
580 400 695 484 Marci,
717 407 784 462 tam
804 397 847 461 ad
869 395 988 462 Officia
1008 396 1132 479 divina,
1156 415 1267 482 qum
1285 398 1317 460 al

140 511 298 578 solemnia
330 509 519 594 spectacula
549 504 721 570 cernenda
771 503 1017 568 Innumerabilis
1055 503 1146 566 emm
1176 503 1315 586 populu·

139 617 196 681 illo
218 616 272 680 die
291 617 337 682 ibi
358 615 501 683 confluit.
524 612 682 676 Omnibus
700 611 785 674 enim
804 609 1010 692 corrgregatis
1027 608 1230 672 Patriarcha
1252 626 1314 670 cu

139 741 200 786 suo
223 719 320 784 Clcro
349 729 381 784 ot
403 720 551 784 omnibus
573 715 800 782 Conventibus
822 715 1060 798 religiosorum,
1081 723 1115 776 et
1140 713 1228 776 Dux
1250 731 1312 776 cu

140 845 201 891 suo
234 814 358 889 Senatu
379 834 412 888 et
447 824 596 888 omnibus
622 821 840 886 Societatibns
874 820 1104 901 Scabinorum,
1136 818 1311 902 singuliin

140 931 209 996 suis
231 930 397 997 ordinibus
427 929 663 1010 eternalibus,
697 945 772 992 cum
796 925 946 1008 vexillis,
980 924 1217 1007 luminaribus,
1243 924 1310 985 reli·

141 1035 290 1122 uniaris,
317 1037 484 1120 crucibus,
513 1033 716 1098 deecclesia
746 1031 782 1094 S.
802 1033 908 1094 Marci
933 1029 1113 1114 procedunt
1147 1028 1194 1091 ad
1216 1047 1308 1106 marc

138 1143 248 1225 ibique
278 1149 488 1226 praeparatas
525 1157 628 1203 naves
661 1137 901 1222 ingrediuntur:
935 1145 968 1200 et
1003 1133 1203 1200 Patriarcha
1246 1153 1307 1196 eun

139 1245 250 1328 Duce,
285 1255 318 1308 et
354 1247 480 1313 Senatu
518 1245 727 1310 Bunatcrinm
764 1243 881 1326 (latine
919 1239 1111 1305 Bucelalum
1157 1239 1202 1302 ab
1235 1257 1307 1322 ειμι

143 1351 321 1416 Alexandri
337 1351 448 1434 magni
470 1350 519 1413 sic
539 1349 756 1432 nominatum)
778 1346 975 1412 ascendunt:
999 1359 1082 1428 quae
1104 1352 1159 1406 est
1181 1343 1305 1426 grandis

140 1459 235 1520 navis
263 1457 298 1518 in
320 1453 449 1518 modum
479 1455 677 1520 tabernaculi
704 1453 850 1538 depicta,
880 1461 913 1514 et
934 1469 1012 1514 auro
1033 1457 1121 1514 tecta
1141 1457 1180 1510 et
1200 1451 1304 1512 seritis

139 1561 231 1644 sagis
253 1568 382 1643 operta,
404 1569 438 1622 ct
457 1561 540 1624 hacc
561 1562 668 1625 omitia
689 1560 771 1626 fiunt
791 1576 865 1620 cum
885 1557 1010 1639 ingenti
1031 1562 1209 1638 apparatu,

140 1682 369 1746 campanarum
400 1665 540 1728 omnium
572 1682 672 1750 sono,
707 1674 738 1727 et
770 1664 924 1744 clangore
954 1663 1118 1743 tubarum,
1149 1669 1187 1720 et
1217 1669 1303 1721 cartu

140 1767 503 1852 diversoClericoruoa
532 1771 578 1832 Et
599 1768 674 1832 dum
695 1769 907 1842 sanatorium,
925 1769 1032 1850 remis,
1053 1766 1107 1850 qni
1130 1775 1212 1827 sunt
1231 1766 1305 1828 ultra

141 1876 295 1960 trecenti,
326 1893 346 1938 a
377 1883 463 1938 terra
484 1874 635 1956 trabitur,
662 1873 748 1938 ultra
780 1874 921 1958 quinque
942 1871 1042 1938 millia
1069 1872 1205 1934 navium
1241 1890 1304 1933 cun

141 1983 403 2047 concomitantnr.
456 1979 625 2062 Navigant
654 1987 761 2045 autem
792 1997 898 2062 usque
929 1977 970 2040 ad
991 1974 1146 2057 castella,
1175 1977 1233 2038 ubi
1262 1985 1305 2038 ast

140 2094 253 2168 portus
284 2093 439 2168 venetus,
482 2093 516 2146 et
553 2084 627 2147 dum
665 2092 758 2146 extra
795 2091 922 2166 portum
959 2080 1001 2168 ad
1034 2099 1122 2143 mare
1160 2085 1307 2144 venerint

139 2190 315 2251 universae
335 2208 459 2266 naves,
486 2189 674 2252 Patriarcha
693 2189 801 2271 ipsum
831 2205 920 2252 marc
942 2186 1117 2268 benedicit,
1149 2187 1241 2250 sicut
1261 2196 1306 2249 est

139 2311 210 2357 mos
230 2294 265 2358 in
284 2293 393 2359 multis
414 2296 559 2378 partibus
581 2295 635 2365 illo
658 2296 710 2358 die
731 2312 833 2382 aquas
855 2291 1055 2356 benedicere
1076 2289 1306 2355 benedictione

140 2408 290 2483 peracta,
315 2398 392 2464 Dux
420 2401 573 2465 annulum
610 2419 740 2464 aureum
773 2399 873 2482 digito
906 2414 970 2460 suo
1000 2383 1173 2463 detrahens
1204 2402 1307 2481 ipsun

140 2505 293 2570 annulum
325 2508 358 2570 in
383 2525 472 2570 mare
493 2505 636 2590 projicit,
676 2506 769 2588 quasi
802 2504 1005 2585 desponsans
1039 2521 1127 2565 maro
1158 2501 1305 2566 Venetis

142 2609 221 2673 Post
254 2611 407 2675 annulum
433 2610 524 2672 multi
545 2627 585 2670 se
613 2609 791 2694 denudant,
819 2618 853 2670 et
879 2608 1025 2670 feruntur
1051 2609 1085 2670 in
1113 2608 1307 2690 profundum

137 2722 332 2797 quaerentes
344 2711 689 2794 annulum.(38A)llt
699 2713 764 2798 ille,
774 2714 830 2798 qui
840 2731 911 2776 eum
922 2714 1057 2796 invenit,
1069 2712 1130 2776 sibi
1142 2713 1307 2796 retinebat

139 2835 213 2880 eum
235 2817 298 2879 hcc
323 2836 382 2898 per
404 2825 506 2880 totum
528 2836 647 2880 annum
668 2817 749 2882 liber
768 2819 953 2882 incivitate
973 2824 1081 2880 manet
1101 2817 1141 2879 ab
1162 2820 1307 2884 omnibus

141 2922 311 3004 oneribus,
334 2921 452 3004 quibus
478 2941 539 3003 pru
563 2921 728 3006 republica
756 2924 801 2987 ibi
820 2923 1002 2986 habitantes
1034 2931 1223 3005 gravantur.
1267 2925 1307 2986 Et

138 3025 216 3090 dum
242 3026 325 3088 hacc
353 3034 510 3110 agimtur,
530 3027 754 3117 ‘circumstant
790 3021 963 3091 universae
994 3045 1097 3090 naves
1125 3029 1160 3089 in
1191 3047 1307 3112 magna

137 3148 305 3214 pressura,
328 3140 361 3194 et
382 3138 433 3193 cst
454 3139 563 3194 tantus
584 3132 712 3218 sonitus
746 3131 1007 3216 bombardarum,
1031 3115 1114 3215 quas
1146 3134 1306 3218 emittunt,

137 3235 303 3320 tubarum,
325 3245 567 3323 tympanorum,
598 3245 631 3299 et
652 3237 856 3302 clamantium
895 3257 935 3300 ac
971 3237 1187 3322 cantantium,
1222 3239 1307 3324 qnod

136 3360 225 3408 mare
241 3341 370 3406 videtur
390 3342 523 3406 moveri.
553 3341 827 3424 Hisspectaculis
847 3345 946 3408 ctiam
963 3342 1114 3406 affrdmus
1128 3344 1163 3406 in
1178 3346 1308 3428 propria

136 3448 296 3510 conducta
337 3449 451 3530 barca3
492 3453 624 3532 peracta
651 3443 709 3508 illa
742 3446 965 3512 benedictione
997 3456 1030 3512 et
1058 3445 1307 3529 desponsatione

136 3552 236 3612 maris
268 3561 461 3616 convertunt
480 3553 690 3616 Buzatorium
707 3550 750 3632 ad
771 3554 998 3616 monasterium
1020 3551 1055 3618 S.
1079 3551 1208 3616 Nicolai
1229 3552 1306 3637 alyn

136 3662 170 3714 et
198 3653 244 3715 ibi
274 3656 376 3735 petito
412 3657 506 3720 litore
542 3670 662 3723 exeunt
696 3675 808 3721 omnes
841 3655 883 3720 de
916 3657 1064 3720 omnibus
1104 3657 1244 3723 navibus
1274 3669 1305 3721 et

136 3755 359 3840 ingrediuntur
378 3761 560 3845 ecclesiam,
578 3781 675 3847 quam
689 3764 748 3828 vix
761 3763 940 3826 centesima
951 3779 1027 3844 pars
1047 3761 1157 3844 popnll
1177 3762 1304 3845 ingredi

134 3860 241 3942 valet,
276 3868 425 3945 quamvis
454 3883 572 3947 magua
593 3868 653 3948 sit,
686 3876 847 3931 ettamen
868 3868 981 3930 inilia
1008 3866 1212 3938 multitudino
1239 3887 1303 3932 non

136 3973 187 4028 est
207 3965 324 4029 mabar
344 3968 468 4052 aliqua,
502 3969 561 4032 sed
584 3979 684 4035 totum
713 3973 877 4055 negotium
906 3973 968 4036 hoc
989 3992 1048 4055 per
1076 3975 1165 4036 viros
1188 3974 1300 4056 agitur.

134 4069 219 4136 Dum
241 4081 349 4136 autem
368 4073 555 4138 Patriarcha
576 4075 812 4158 pontificalibus
834 4087 965 4141 amatus
988 4087 1021 4141 ct
1040 4078 1117 4142 Dux
1139 4093 1213 4142 cnm
1234 4078 1300 4140 suis

135 4185 249 4238 contra
265 4175 437 4240 ecclesiam
458 4188 641 4260 properant,
656 4181 769 4242 Abbas
786 4185 982 4265 montanarii,
1003 4183 1106 4246 infula
1122 4181 1299 4264 decoratus,
