2644 4786
710 140 785 208 nia

172 343 271 410 saper
291 325 420 409 hacne,
441 324 746 408 quidsenuennum
765 335 860 391 esset
882 325 923 390 ‹lc
942 325 1008 390 illis
1021 327 1184 410 corporibus
1192 346 1267 408 pann

173 451 253 513 run,
276 450 360 516 quae
380 426 692 510 venditsolnmus‘t
715 431 971 494 Dictum-autem
994 431 1052 494 init
1065 433 1130 496 mihi
1144 449 1192 513 pro
1204 441 1268 503 mon,

173 536 258 621 quod
284 535 459 600 Suraoeni
487 541 522 596 et
550 531 744 627 blamalncci
770 535 934 616 recipiunt
966 553 1094 617 corpora
1110 536 1269 610 abortivorum

172 649 204 704 et
225 655 396 724 puerorum
417 627 571 702 recenter
585 646 732 702 natorum
761 649 793 702 et
820 649 1033 722 mortuorum,
1061 648 1091 701 et
1114 657 1148 700 ea
1166 639 1268 700 incidunt

169 746 377 832 cultellis-et
395 742 578 826 vulnerant,
588 749 634 818 zat
646 744 837 807 vulneribus
848 747 1017 826 impressis
1032 742 1165 823 balsanm,
1179 743 1270 823 myrrln

168 865 206 914 et
233 850 306 914 aliis
337 848 578 913 conservativis
608 849 800 930 corpuscula
827 851 883 912 illa
911 849 1096 929 conficiunt,
1112 856 1149 908 'et
1171 847 1270 928 regibus

169 953 369 1040 principibus
399 962 432 1016 et
458 951 614 1015 divitibus
633 949 821 1014 christianis
843 971 902 1032 pro
933 953 1115 1036 corporibus
1137 961 1271 1012 sanctorm

169 1064 375 1124 innocentum
389 1055 550 1120 ¹vendunt.
594 1056 637 1116 lit
655 1053 1023 1138 ult-danteseopiosum
1031 1074 1137 1118 aurum
1154 1066 1180 1118 et
1191 1073 1272 1136 argen-

170 1175 237 1229 tum
259 1169 372 1246 putant
383 1179 421 1224 se
434 1162 578 1243 recipere
589 1175 905 1241 corpora-puerorum
916 1169 1096 1224 sanctornm
1116 1168 1149 1221 et
1166 1161 1274 1240 recipimt

167 1285 307 1354 corpora
326 1265 532 1350 parvulorum
546 1265 783 1328 damnatorum.
825 1267 868 1326 Et
888 1265 935 1326 ita
955 1263 1087 1330 Christi.
1102 1262 1201 1325 fidelos
1216 1261 1276 1324 tale

171 1375 302 1454 dantur,
324 1379 358 1432 et
376 1371 526 1452 pecuniis
544 1368 732 1450 spoliantur.
776 1367 893 1432 Sciunt
903 1371 986 1430 enlm
998 1367 1188 1431 infidelesilli
1201 1365 1277 1428 nim

172 1477 369 1542 desidorium
391 1481 536 1538 nostram
551 1489 616 1556 'pro
637 1472 796 1538 habendis
821 1473 980 1557 reliquiis,
999 1481 1046 1535 ‘et
1068 1473 1138 1535 ideo
1157 1471 1278 1552 ‹lisponm

167 1583 270 1664 ligna,
290 1588 453 1661 tamquam
465 1577 516 1640 -tle
537 1586 652 1640 sancta
672 1592 770 1642 cruce
794 1587 827 1640 et
845 1577 968 1659 clavos,
992 1586 1025 1639 ct
1044 1578 1165 1660 spinas,
1183 1583 1212 1636 et
1228 1591 1279 1636 cm.

166 1692 203 1748 et
225 1684 326 1747 multa
344 1683 437 1766 talia,
457 1689 495 1744 ut
516 1685 664 1746 incautos
686 1681 850 1763 deludant,
873 1683 1062 1764 etpecnn'n's
1077 1682 1212 1764 spolient.
1236 1679 1279 1740 ln

167 1790 262 1856 multi
281 1786 407 1850 valoris
438 1794 515 1848 sunt
535 1785 620 1868 apud
652 1804 705 1848 me
722 1787 1006 1869 reliquiaenovac
1023 1786 1077 1867 nlo
1109 1784 1279 1848 transmarini

167 1896 314 1981 partibus
338 1899 533 1973 asportatae,
555 1891 749 1973 praecipuae
761 1909 844 1974 qrape
865 1900 939 1954 sunt
957 1899 1070 1967 pintae
1091 1909 1111 1953 a
1131 1889 1280 1955 &macena

166 2001 221 2064 vel
247 2000 288 2061 ab
308 1993 522 2062 orientalibus
544 1993 738 2058 Christianis
771 1996 871 2060 falsis.
925 1997 1032 2062 Secns
1060 2004 1112 2062 ost
1141 1995 1180 2058 'de
1207 1993 1281 2076 lapilli

162 2102 289 2167 sanclis
320 2119 342 2162 a
373 2098 455 2164 locis
470 2145 472 2152 ,
485 2098 609 2161 sanctis
640 2108 701 2175 etc.
742 2101 846 2182 Igitur
880 2102 922 2167 de
953 2120 1054 2184 specu
1089 2099 1288 2183 sepulchrorum

163 2205 385 2270 innocentium
407 2205 533 2286 egressi
554 2221 678 2286 sumus,
700 2223 761 2268 uec
779 2206 915 2270 ulterius
935 2207 1164 2288 processimus.
1287 2213 1288 2218 ’

246 2312 315 2374 nst
336 2291 421 2370 enfin
443 2310 484 2371 ab
506 2309 569 2371 isto
590 2325 693 2389 specu
715 2320 953 2394 consequenter
973 2313 1134 2374 transitus
1155 2320 1249 2372 arctoa
1256 2325 1288 2389 pn

163 2425 292 2500 petram
314 2414 453 2493 incisus,
469 2429 571 2496 quern
593 2413 709 2476 fratres
719 2416 864 2480 Minores
885 2417 1032 2480 feceruut
1053 2417 1189 2498 moute,
1211 2425 1241 2478 ut
1257 2429 1288 2494 pn

165 2543 238 2584 enm
260 2519 302 2582 dc
317 2517 449 2600 capella
471 2517 506 2579 S„
526 2518 671 2601 Nicolai,
692 2521 724 2580 in
745 2518 927 2603 quoheres
949 2521 1138 2604 perficiunt,
1151 2518 1242 2599 (tta
1258 2517 1285 2578 b·

162 2633 303 2711 possent
319 2625 444 2686 intrare
474 2630 507 2683 et
529 2624 619 2686 exire
645 2623 687 2685 ad
713 2623 819 2693 locum
847 2627 1028 2692 nativitatis
1049 2625 1181 2688 Christi.
1230 2621 1288 2686 [nin

165 2731 314 2794 omnibns
342 2725 447 2789 modis
473 2727 637 2794 oscultant
667 2730 846 2796 transitum
869 2731 979 2814 illum,
1010 2731 1107 2792 etiam
1137 2727 1288 2811 peregrinis

162 2855 207 2897 ne
226 2854 285 2917 per
306 2851 363 2894 eos
385 2832 420 2892 in
442 2833 585 2894 notitiam
603 2831 855 2897 sarracenorum
876 2844 909 2898 et
924 2835 1127 2898 orientalium
1144 2832 1288 2896 Christian

162 2957 255 3000 nrum
277 2935 455 3020 perveniat,
476 2937 554 3020 quia
575 2938 683 3000 statim
705 2940 875 3004 transitum
906 2941 1124 3019 obstruerent,
1156 2947 1190 3000 et
1211 2939 1288 3000 l‘rrtrn

163 3038 270 3100 locum
299 3037 498 3102 amitterent.
553 3041 625 3124 Ege
657 3061 710 3115 cx,
725 3042 790 3106 Ilei
819 3043 903 3112 donc
933 3052 966 3104 et
1002 3043 1136 3106 fratrum
1166 3043 1288 3104 llinmn

163 3143 299 3205 caritate
328 3143 370 3206 ad
397 3161 466 3228 me,
495 3144 689 3230 quandoque
716 3167 774 3230 por
802 3128 961 3231 integram
990 3153 1118 3210 noctem
1148 3148 1236 3210 solos
1258 3145 1288 3210 bl

133 3309 138 3316 .
161 3250 285 3314 clausis
306 3249 454 3314 omnibns
477 3251 570 3312 ostiis
591 3251 752 3316 ecclesiae
772 3261 805 3314 et
833 3253 1027 3335 speluncae,
1056 3253 1093 3314 iu
1120 3252 1288 3316 sanctisunt

161 3355 233 3419 loco
254 3355 435 3418 nativitatis
454 3353 576 3420 Christi
597 3355 761 3420 immissus
781 3378 841 3440 per
861 3358 1022 3420 occultum
1042 3362 1141 3420 istum
1163 3358 1272 3420 aditum

245 3459 380 3542 Egressi
396 3477 476 3541 ergo
489 3459 533 3520 de
549 3476 651 3542 specu
661 3461 866 3524 innocentum
882 3465 1124 3547 perobscurum
1141 3464 1288 3526 transient

45 3614 49 3624 ,
160 3579 337 3646 perquem
356 3579 562 3646 veneramus,
584 3565 708 3628 reversi
729 3575 854 3630 snmus
872 3569 1064 3649 iri-spemrm
1091 3567 1146 3628 uel
1175 3565 1288 3650 crypnnl

160 3667 341 3730 naucitatis
362 3667 495 3750 Christi,
518 3677 550 3730 et
571 3669 616 3730 ibi
641 3670 757 3735 iterum
779 3673 933 3753 prostrati
963 3671 1036 3734 loca
1056 3679 1171 3733 saneta
1201 3669 1288 3734 antini

158 3769 237 3834 tatis
259 3779 292 3832 et
309 3775 489 3856 praesepis,
511 3780 544 3836 et
567 3772 672 3835 locum
693 3777 853 3841 sessionis
873 3777 988 3839 beatae
1008 3775 1171 3857 Virginis,
1192 3771 1288 3858 quanli

158 3891 180 3936 a
213 3874 316 3934 tribus
344 3879 476 3954 regibus
506 3879 633 3956 accepit
660 3893 807 3961 munera,
840 3879 1019 3946 demonem
1048 3895 1169 3944 snmus
1217 3881 1288 3942 Pom

156 3975 410 4034 consistentibus
430 3979 524 4038 nobis
542 3981 629 4042 inter
647 3979 721 4041 loca
730 3981 788 4043 illa
798 3991 921 4064 sancto,
943 3980 1122 4044 venitmilu
1136 3983 1288 4047 inmemeu

157 4077 290 4150 raptus,
312 4087 408 4148 quern
426 4091 526 4152 passa
546 4078 607 4138 suit
628 4077 816 4147 beatissima
835 4083 954 4164 Paula,
976 4084 1164 4168 peregriua,
1191 4089 1225 4150 in
1247 4087 1288 4152 bnt

158 4163 231 4225 loco
261 4169 423 4250 existens,
443 4187 542 4253 quae,
565 4178 716 4261 audiente
733 4185 929 4270 Jeronymo,
949 4188 1098 4270 jurabat,
1117 4206 1244 4256 cernere
1266 4207 1288 4252 u
