2780 4776
657 133 738 208 bil

103 329 226 390 ¹*tndem
250 329 425 388 nocturnos
446 321 574 389 tuberes
596 329 629 384 et
643 319 885 404 inquietudines
901 314 1009 386 statim
1030 319 1176 406 expulsis
1193 317 1286 386 nobis

116 429 158 494 de
179 427 299 510 templo
320 427 468 509 cogimur
487 427 529 490 ad
559 425 623 488 alia
645 424 718 489 loca
740 425 904 492 visitanda
937 427 1089 510 transire,
1112 435 1145 490 et
1169 429 1285 492 iterum

58 614 63 622 Ι
104 534 280 614 laborare,
309 532 410 595 etita
437 530 601 614 peregrini
623 531 720 591 nimis
742 535 951 596 attenuantur
981 531 1122 616 vigiliis,
1141 530 1285 614 jejuniis,

48 681 53 688 -
113 647 149 702 ‘et
170 635 353 718 laboribus,
376 643 409 698 et
437 636 497 699 vix
521 633 712 697 conceditur
733 633 781 696 eis
811 642 938 718 tempus
966 635 1125 698 modicum
1148 635 1286 700 maudu-

38 804 49 813 ,
112 741 232 804 candi
266 741 310 802 llt
329 739 402 806 ideo
423 740 537 822 gravis
568 738 684 802 modus
705 757 791 801 nune
812 747 863 800 est
894 739 1001 823 quoad
1024 741 1103 822 hcc,
1136 741 1285 824 quamvis

114 846 188 912 aliis
210 845 412 927 respectibus
434 842 549 907 melius
572 845 616 906 sit
634 843 723 926 illud,
742 861 837 927 quam
859 843 957 912 aliud.
979 845 1051 928 Ego
1080 846 1165 908 enim
1186 847 1285 910 multo

113 951 267 1016 libentius
288 949 365 1014 volo
386 956 595 1033 pernoctem
614 965 693 1011 esse
721 949 755 1011 in
777 947 918 1012 ecclesia
939 947 1089 1034 clausus,
1110 968 1207 1034 quam
1228 969 1287 1034 per

117 1057 211 1120 diem.

153 1287 213 1362 Ile
252 1284 410 1361 diversis
447 1285 626 1362 hominum
656 1287 853 1386 generibus
894 1285 931 1362 in
957 1283 1118 1364 ecclesia
1145 1287 1261 1365 sancti

466 1405 651 1509 sepulchri
675 1407 929 1518 habitantibus.

198 1587 292 1680 Siout
314 1587 487 1652 diversitas
508 1598 726 1654 creaturarum
748 1589 881 1654 decorat
906 1591 1100 1654 universum
1133 1597 1166 1652 et
1189 1602 1286 1652 creo-

89 1709 219 1762 ·torem
241 1693 418 1759 mirabilem
440 1701 473 1754 et
491 1691 669 1775 perfectum
691 1697 845 1780 ostendit,
862 1696 912 1760 sio
934 1695 1108 1759 diversitas
1128 1694 1286 1778 gentium,

89 1820 257 1885 'mor-um,
287 1801 469 1882 linguarum
499 1805 533 1860 et
564 1799 682 1865 rituum
710 1802 879 1884 plurimum
910 1801 1078 1864 decoraret
1112 1798 1285 1863 ecclesiam

116 1898 325 1988 catholicam,
354 1911 388 1966 et
415 1900 646 1966 Redemtorem
673 1912 820 1968 nostrum
850 1904 1027 1968 mirabilem
1048 1913 1082 1966 et
1103 1904 1284 1986 perfectum

63 2090 73 2103 .
116 2010 317 2092 ostenderet,
335 2009 365 2072 si
392 2008 477 2070 inter
494 2005 551 2070 illa
573 2007 685 2070 odiosa
706 2011 908 2091 perversitas
929 2008 1120 2091 gentilium,
1141 2008 1285 2071 haereti-

117 2135 244 2199 corum,
275 2123 309 2176 et
334 2111 611 2176 schismaticorum
644 2115 774 2176 minime
810 2103 1050 2194 invenirentur,
1090 2130 1285 2196 quamquam

117 2223 214 2286 etiam
236 2239 279 2282 ex
302 2218 385 2302 ipsis
406 2216 561 2281 mirabilis
585 2217 675 2281 Deus
697 2227 730 2282 et
750 2220 914 2303 perfectus
935 2217 1131 2284 ostendatur.
1164 2216 1285 2280 Eccle-

116 2327 167 2391 sia
188 2325 293 2388 sancti
325 2323 495 2406 sepulchri·
518 2323 682 2406 pulchrior
703 2330 757 2387 est
777 2325 905 2389 eunctis
929 2325 1080 2388 ecclesiis
1113 2321 1222 2386 mundi
1244 2341 1287 2386 ex

118 2431 307 2496 diversitate
328 2431 472 2512 gentium
508 2431 542 2492 in
564 2448 604 2494 ea
625 2428 729 2493 Deum
757 2429 975 2512 laudantium,
1006 2428 1153 2492 redditur
1179 2435 1286 2490 tamen

120 2537 273 2600 deformis
300 2543 336 2596 et
367 2543 571 2599 monstruosa
602 2553 645 2597 ex
674 2535 837 2598 erroribus
863 2533 1068 2600 horribilibus
1100 2533 1286 2596 intrantium

118 2659 201 2704 eam.
245 2637 330 2702 Olim
353 2640 437 2702 enim
458 2640 722 2724 ingrediebantur
743 2641 922 2706 Christiani
943 2640 984 2704 de
1005 2649 1073 2703 toto
1095 2637 1231 2722 mundo,
1253 2645 1288 2701 et

119 2745 268 2810 omuibus
291 2745 412 2828 linguis
443 2746 516 2810 siue
537 2747 715 2830 erroribus,
747 2748 819 2810 sine
838 2745 982 2832 perfidiis
989 2791 999 2828 ,
1030 2747 1104 2808 sine
1124 2746 1287 2827 supersti-

120 2852 262 2916 tionibus
297 2849 403 2914 Deum
438 2851 547 2914 colere
587 2852 789 2936 volentibus,
823 2859 858 2916 et
892 2871 957 2915 non
995 2851 1288 2914 intromittebantur

119 2953 405 3038 excommunicati,
431 2955 649 3040 schismatici,
678 2959 833 3021 haeretici
863 2956 1039 3041 praescisi,
1075 2957 1191 3039 quibus
1212 2956 1287 3038 iam,

119 3065 201 3145 heu,
221 3058 375 3142 templum
397 3059 528 3142 plenum
550 3069 619 3145 est,
653 3065 770 3148 quibus
793 3063 866 3147 ipsa
887 3063 1022 3128 basilica
1038 3061 1161 3131 sordet.
1202 3059 1287 3123 Sunt

120 3177 227 3232 autem
248 3165 314 3230 Vll
341 3163 543 3229 differentiae
565 3164 818 3232 Christianorum
846 3169 880 3231 in
901 3169 965 3231 hoo
985 3167 1121 3250 templo,
1153 3181 1287 3249 quorum

120 3272 282 3357 quaelibet
301 3271 399 3334 habet
421 3287 513 3332 suam
534 3274 694 3356 propriam
717 3283 857 3354 sectam,
878 3273 1040 3356 proprium
1065 3273 1178 3352 ritum,
1209 3287 1287 3350 pro-

83 3382 88 3395 '
119 3380 226 3462 prium
248 3379 397 3459 chorum,
423 3392 496 3438 oum
522 3376 662 3440 diversis
692 3377 853 3441 erroribus
880 3386 912 3439 et
941 3375 1105 3440 damnosis
1133 3375 1230 3436 etiarn
1251 3374 1287 3435 in

121 3482 392 3550 substantialibus
429 3479 514 3544 fidei.
567 3481 620 3544 De
658 3501 792 3566 quorum
825 3482 985 3545 erroribus
1019 3481 1151 3563 longum
1192 3479 1287 3542 nimis
1381 3535 1382 3552 ,

122 3594 214 3652 esset
235 3588 289 3650 hic
311 3585 428 3650 dicere.
475 3585 512 3649 Si
532 3585 588 3650 cui
608 3592 716 3650 antem
750 3586 859 3669 placet
880 3585 1002 3671 aliquid
1025 3586 1066 3649 da
1086 3587 1138 3649 his
1162 3583 1286 3665 videre,
1381 3561 1382 3582 ¹

122 3694 211 3776 legat
231 3691 436 3776 peregrinale
456 3689 576 3754 domini
598 3691 712 3755 decani
733 3693 990 3774 moguntinensis
1011 3692 1180 3775 ecclesiae,
1203 3689 1288 3775 qnod
1381 3729 1382 3766 ,

74 3832 78 3841 ·
121 3799 195 3865 loeo
216 3799 268 3862 sui
289 3797 431 3862 coniecit
450 3795 646 3861 venerabilis
669 3815 783 3862 sacrae
799 3798 983 3882 theologiae
1004 3798 1169 3882 professor
1191 3811 1289 3876 egra-

106 3906 213 3988 vgius,
244 3903 342 3966 Pater
355 3904 521 3968 'Martinus
541 3903 646 3986 Rtth,
669 3901 860 3968 Conventus
881 3903 1123 3986 phoreemensis
1156 3897 1288 3963 Ordinis

122 4007 398 4093 Praedicatorum,
423 4009 497 4092 qui,
519 4012 569 4072 nti
597 4011 650 4073 vir
673 4009 802 4094 doctae,
827 4010 928 4072 multa
950 4009 990 4072 de
1012 4006 1174 4070 erroribus
1194 4003 1289 4066 hab'r-

120 4118 259 4184 tantium
293 4113 327 4176 in
348 4111 533 4178 Jerusalem
553 4115 698 4198 gentium
732 4111 882 4178 accurate
904 4113 1057 4178 dissentit
1077 4128 1136 4196 per
1157 4111 1287 4195 longum

121 4223 154 4284 tn
175 4219 292 4302 eodem
311 4219 516 4304 peregrinati.
547 4219 722 4304 ligavero
743 4217 792 4304 ad*
806 4219 970 4303 posterius
991 4213 1079 4300 niltii,
1103 4215 1157 4283 vel
1176 4230 1288 4298 parum
