2792 4778
684 116 747 182 458

124 299 265 381 bestias,
295 313 394 382 qnam
425 293 583 360 houhaia
612 293 768 358 homines.
813 295 859 361 lllt
884 295 919 360 hi
948 299 1101 377 pastores
1131 301 1247 360 omncs
1269 301 1305 358 in

123 415 219 472 noeto
238 401 417 470 nativitatis
446 399 488 462 ad
512 397 702 482 ungulorum
729 397 859 480 jussum
894 397 1114 464 ascenderunt
1139 401 1179 462 in
1197 399 1306 464 Beth·

123 513 231 576 lehem
257 515 291 572 et
324 508 520 572 invenerunt
541 502 701 567 hrlautem
727 503 761 566 in
794 503 918 587 pauoris.
937 501 1121 568 involutum
1153 510 1188 566 et
1208 507 1305 588 pusi-

124 623 192 680 tum
212 615 246 676 in
267 609 448 695 praesepio.
488 608 598 673 Potuit
630 614 738 707 tamen
769 624 862 691 esse,
897 607 986 700 prod
1014 616 1083 672 tres
1114 608 1199 672 iuter
1232 628 1307 694 ecs,

124 721 180 804 qni
204 723 298 782 eraut
316 713 582 798 principaliores,
612 710 696 776 alios
719 718 891 794 regerent,
921 721 956 776 et
975 712 1222 794 mummolum
1244 731 1306 776 se-

124 823 265 910 pulchra
280 821 415 886 suntin
435 816 579 883 ecclesia
600 813 775 898 proedicto.
816 814 869 878 De
900 817 965 885 hoo
988 817 1129 900 loquitur
1157 837 1307 881 venera-

124 929 200 994 hilis
231 923 321 990 liedn
350 925 394 988 im
414 923 530 986 llum:
574 920 731 986 Pastorer
763 919 978 1003 loquebantur
995 929 1079 990 etc:
1114 925 1165 986 sic
1201 922 1300 986 dicit:

125 1032 247 1118 Angeli
278 1036 498 1116 apparuerunt
519 1024 706 1110 pastoribus
727 1027 762 1121 ip
781 1013 873 1109 loco',
896 1026 951 1108 qni
972 1042 993 1090 a
1015 1034 1178 1090 conventu
1198 1046 1306 1110 paco-

125 1157 195 1203 rum
220 1136 403 1220 antiquitus
436 1140 524 1195 terra
551 1130 674 1214 gregis,
698 1129 893 1212 vocabatur,
914 1131 961 1194 ‘et
986 1149 1053 1194 nno
1083 1130 1234 1209 milliario
1263 1133 1308 1196 ad

125 1244 281 1308 orientem
302 1237 513 1320 Bethlehem,
541 1235 597 1300 uhi
619 1235 719 1299 etiam
740 1252 830 1298 nunc
860 1234 957 1298 trium
982 1241 1153 1316 pastorum
1173 1237 1307 1302 illorum

124 1353 331 1412 monumenta
355 1345 390 1404 in
412 1340 555 1406 ecclesia
577 1347 808 1414 monstrantur.
827 1336 922 1402 Haec
941 1337 1042 1408 nota
1073 1338 1183 1419 Quare
1204 1344 1311 1420 etiam

126 1453 325 1534 heronymus
359 1448 393 1510 in
429 1445 569 1531 epistola
605 1443 647 1508 ad
680 1443 800 1517 iratres
836 1443 879 1506 de
910 1445 1095 1528 vigiliarum
1128 1447 1307 1513 sanctitate

126 1556 270 1620 nominat
302 1557 454 1635 pastores
485 1551 560 1616 illos
587 1548 830 1629 sanctissimos.
872 1547 1158 1616 ln‘custcdiarnrn
1190 1571 1305 1619 earum

127 1659 214 1724 valle
236 1656 292 1728 illa
323 1655 372 1723 fui
392 1654 562 1738 aliqnou'cs
584 1661 729 1735 tompore
750 1649 956 1738 mttsshsimo,
976 1673 1042 1737 quo
1062 1657 1170 1720 omnia
1189 1657 1306 1720 uren-

128 1765 174 1827 tia
204 1767 376 1842 aruerunt,
406 1763 578 1822 ettamen
607 1775 737 1842 semper
757 1758 792 1822 in
821 1775 860 1820 eo
888 1757 956 1822 vidi
984 1777 1107 1842 greges
1138 1760 1247 1843 ouium
1270 1769 1306 1822 et

128 1885 307 1952 caprarum.
335 1865 374 1926 lu
393 1862 460 1926 alia
483 1869 576 1947 parte
595 1861 694 1926 vallis
713 1874 756 1945 en
777 1863 927 1946 opposito
938 1863 1128 1930 Bethlehem
1150 1873 1202 1930 eat
1221 1863 1306 1930 vitta

127 1977 165 2038 in
185 1987 318 2035 amoeno
340 1969 412 2032 loon
433 1967 509 2049 sito,
530 1967 565 2033 in
585 1984 651 2050 qur
672 1967 821 2037 vidimus
833 1965 976 2050 grmrdss
992 1985 1154 2055 mmcrpm
1175 1971 1301 2051 ruinas,

128 2085 163 2141 et
182 2077 301 2140 dicitur
320 2070 440 2139 ibidem
463 2072 567 2136 luisse
588 2072 817 2141 monasterium
833 2071 1103 2157 sanctuel‘aulan
1117 2081 1151 2136 et
1170 2091 1306 2138 suarum

127 2181 300 2265 virgiuum.
343 2176 435 2245 Visis
457 2194 551 2260 ergo,
574 2192 659 2258 quoe
679 2174 767 2260 dicta
784 2183 884 2258 sunt,
900 2195 1028 2253 rursum
1050 2177 1163 2244 asinas
1183 2195 1306 2245 asceu-

128 2285 237 2355 dlrnmt
265 2288 432 2348 utcontra
468 2281 658 2350 Bethlehem
686 2280 877 2361 tendimus,
901 2281 945 2346 fin
965 2281 1053 2346 clivo
1075 2289 1183 2346 autem
1212 2265 1305 2346 vidi-

127 2407 204 2457 mus
234 2388 434 2472 primaevam
456 2384 700 2470 dispositionem
717 2385 785 2449 loci
818 2385 999 2463 nativitatis
1020 2384 1143 2452 Christi
1162 2387 1305 2475 gelius,

127 2513 228 2579 ¹(luam
249 2497 283 2558 in
305 2493 378 2577 ipso
400 2492 480 2556 loco.
511 2490 605 2556 Sicut
627 2499 660 2554 et
681 2489 852 2572 dispositio
872 2490 979 2566 sancti
1000 2489 1165 2574 sepulchri
1187 2491 1305 2556 mohns

105 2581 111 2591 ¹
132 2599 260 2664 videtur
280 2599 315 2660 in
334 2597 436 2662 hortis
464 2594 560 2677 juxta
589 2594 807 2676 Acheldamn,
838 2612 934 2677 qnam
956 2596 1085 2677 inipso
1115 2594 1305 2678 sepulchro,

133 2711 169 2765 nt
188 2721 289 2785 snpra
308 2703 423 2785 patuit.
466 2697 617 2792 Vidimus
639 2699 725 2762 enim
746 2699 780 2761 in
801 2695 888 2782 clivo
915 2680 1107 2762 Bethlehem
1133 2711 1244 2784 petras
1271 2711 1307 2764 et

132 2824 230 2890 rupes
251 2808 344 2870 latas·
368 2786 613 2886 excrescentes,
649 2804 713 2868 suh
742 2804 860 2884 quihus
891 2812 983 2866 arant
1011 2821 1174 2868 cavernae
1205 2806 1305 2888 latae,

131 2911 317 2976 habitacula
337 2927 534 2992 panpornm,
563 2909 624 2990 qui
654 2910 785 2991 propria
805 2925 870 2972 non
895 2905 1018 3008 hahent
1048 2908 1219 2975 domicilia·
1259 2911 1304 2972 hit

131 3015 209 3078 talis
230 3015 264 3076 in
284 3013 443 3096 principio
464 3022 534 3076 erat
554 3014 647 3076 locus
665 3013 847 3078 nativitatis
866 3009 1006 3096 Christi,
1026 3021 1062 3076 nt
1083 3013 1217 3096 patebit.

214 3115 364 3198 Cumque
383 3133 513 3182 sursum
531 3117 739 3200 venissemus
759 3116 802 3180 od
822 3135 948 3182 murum
971 3117 1160 3197 Bethlehem
1182 3136 1303 3204 usque,

133 3223 324 3306 gyravimus
344 3237 480 3304 murum,
494 3229 527 3284 ct
543 3221 640 3303 juxta
655 3219 863 3284 fundamenta
884 3230 918 3284 et
937 3231 1073 3305 petram,
1087 3241 1186 3308 supra
1203 3241 1303 3308 quam

132 3345 244 3392 mnms
272 3327 451 3408 consurgit,
471 3327 697 3410 quaesivimus
726 3343 842 3390 cavam
864 3334 989 3410 petram
1012 3326 1185 3420 «repudium,
1206 3345 1305 3410 qnam

134 3441 241 3496 temen
273 3431 420 3494 invenire
451 3448 516 3493 non
556 3430 727 3514 patuinus
786 3429 948 3514 Leptam
980 3428 1065 3505 onim
1096 3433 1143 3512 in¹
1163 3429 1304 3519 quodam

134 3535 355 3616 vetustissimo
378 3533 574 3616 peregrinati
603 3533 772 3623 cujusdam
794 3533 925 3618 Sancti,
946 3534 1035 3619 quod
1054 3535 1194 3607 Domino
1225 3543 1303 3600 nato

108 3622 259 3720 'uiuscph
280 3639 408 3720 paravit
433 3637 528 3719 juxta
548 3657 669 3706 rnorem
690 3626 754 3721 pro¹
771 3639 906 3722 parvulo
927 3639 1110 3707 balneolum
1137 3640 1170 3704 iu
1192 3657 1302 3722 urceo,

130 3752 167 3808 et
185 3741 335 3807 balneolo
352 3741 512 3807 iulantnlc
531 3745 657 3827 accepit
677 3744 804 3826 Joscph
824 3743 1007 3826 vasculum,
1020 3752 1055 3806 et
1073 3751 1170 3808 extra
1191 3743 1303 3809 diver-

132 3847 252 3913 sorium
278 3849 443 3931 portavit,
468 3854 501 3910 et
527 3847 600 3912 sinc
630 3841 763 3913 arbitrio
793 3865 923 3914 sacrum
954 3846 1120 3915 lavacrum
1154 3845 1302 3935 deorsum

125 3949 247 4014 offudit
269 3968 327 4032 per
348 3967 474 4027 murum
495 3950 528 4010 lu
549 3951 640 4033 ipsas
663 3969 760 4034 rupes
781 3951 824 4014 de
842 3951 1051 4019 tunmmuuo
1070 3950 1301 4038 prominentes.

128 4053 293 4117 Consistit
321 4054 407 4114 cuim
427 4051 520 4116 locus
536 4053 729 4118 nativitatis
750 4058 784 4118 in
805 4055 889 4138 alto,
911 4057 1035 4134 hahens
1056 4053 1179 4131 clivum
1206 4073 1303 4138 prae·

133 4157 279 4240 cipitem,
302 4163 338 4219 ct
366 4171 464 4238 rupes
492 4155 639 4239 iniectus,
669 4175 767 4240 snper
794 4176 877 4246 quas
898 4168 931 4236 ct
951 4160 1058 4244 ipsum
1088 4158 1303 4224 diversorium
