2596 4788
309 355 402 431 'De
428 350 649 433 Christiano
671 353 719 432 de
744 353 868 456 Syria,
893 317 1092 432 surianis,

204 562 354 645 Suriani,
388 559 444 643 qui
476 569 509 622 ot
546 556 647 646 Syri,
674 557 851 623 Christiani
881 560 941 621 sub
963 557 1126 622 diversis
1146 557 1252 640 gentiln

120 667 318 754 principibus
336 665 371 729 in
395 667 554 728 servitute
575 667 694 727 misera
714 664 847 747 degunt,
869 666 902 726 et
923 671 1007 725 sunt
1044 661 1165 725 iniecti
1192 661 1271 722 onor-¹

120 776 182 836 bns
194 773 404 854 Graecorum,
427 787 508 854 qno
519 771 694 852 imitantur,
716 769 882 850 haeretici,
902 773 937 828 et
956 767 1127 830 homines
1148 765 1219 848 ialal,
1232 767 1259 828 lo

121 879 194 960 lori,
216 878 318 960 iures,
336 869 486 959 zelotypi
506 875 539 937 in
561 893 692 957 uxores,
713 875 798 936 siout
819 867 1006 935 Sarraceni.
1059 871 1110 932 Hi
1138 874 1220 933 etiam
1233 891 1260 930 n

121 985 246 1048 bisoum
269 989 345 1042 sunt
366 977 537 1062 intemplo
558 981 663 1042 saneti
685 978 865 1061 sepulchri,
888 986 920 1040 et
947 975 1138 1060 possident
1160 975 1259 1058 capella

64 1074 68 1085 ¹
121 1095 254 1152 sanotae
274 1083 435 1167 Helenae,
455 1081 500 1147 ibi
522 1101 583 1147 sua
604 1081 725 1148 Ollinia
744 1091 948 1166 peragentes.
1000 1081 1186 1144 Morantur
1203 1049 1271 1140 aute*

121 1189 164 1256 od
176 1191 260 1253 latus
279 1188 483 1253 Indianornnr
505 1189 539 1252 in
556 1187 762 1253 tabernaculo
782 1185 867 1251 velis
888 1185 1107 1251 circumdato
1129 1193 1160 1249 et
1174 1193 1271 1268 aetra,

285 1479 446 1580 (mne
469 1477 688 1558 Christianis
696 1480 876 1576 Armenio,
890 1479 1020 1582 quales
1033 1476 1147 1555 sint?

1270 1589 1271 1638 l

93 1727 96 1733 ι
206 1683 340 1746 Armeni
381 1683 477 1746 otiam
504 1685 538 1747 in
568 1684 631 1747 hao
658 1701 752 1746 saera
780 1684 920 1746 ooalesia
940 1684 1122 1746 nobiseum
1151 1687 1225 1760 sunt,
1238 1651 1271 1736 ,pl

121 1787 279 1852 Armenia
293 1788 475 1871 venientes,
489 1806 526 1850 es
546 1798 621 1852 sunt
632 1787 832 1852 Graecorum
848 1787 1084 1871 implacabiles
1092 1786 1208 1864 inirnioi,
1223 1798 1255 1842 rer

121 1902 231 1956 tamea
257 1902 378 1957 oavont
399 1911 524 1958 errores
547 1913 668 1975 eorum,
688 1911 751 1954 noo
771 1895 820 1956 eis
841 1900 962 1956 oarent-
996 1893 1093 1956 Dum
1117 1893 1194 1954 enim
1211 1905 1256 1948 ror

122 1999 256 2084 finiunt,
280 2013 397 2082 aquom
422 1999 499 2061 vino
528 2017 593 2060 non
620 2005 800 2080 opportuni,
845 2007 881 2062 nt
903 1998 1044 2080 Graeoi3
1076 1997 1178 2060 sortis
1201 1991 1252 2054 ioris

123 2122 241 2167 aornos
260 2105 455 2166 manducant
462 2123 471 2186 ;
492 2111 526 2164 ot
547 2102 632 2165 diem
662 2104 843 2166 nativitatis
864 2101 995 2165 Domini
1026 2103 1141 2168 eolere
1164 2096 1254 2160 nolant:

124 2207 184 2271 sod
205 2208 268 2290 ipsi
286 2206 436 2290 jejunant
455 2226 513 2291 pro
531 2225 581 2288 eo,
604 2207 691 2290 qnod
713 2206 754 2269 od
774 2215 904 2270 nostras
922 2207 1142 2271 miseriosillo
1162 2203 1204 2266 dio
1218 2213 1250 2257 υἱ·

125 2319 178 2376 tus
201 2322 253 2376 est
274 2313 448 2396 Dominus,
471 2310 554 2374 diem
577 2321 684 2374 antem
706 2313 907 2396 Epiphaniae
930 2307 1253 2376 solenniteroolehrant

122 2427 253 2502 proptor
268 2419 461 2501 baptismum
480 2415 613 2498 Christi,
633 2419 666 2477 in
678 2435 741 2500 qno
754 2417 865 2480 dicant
876 2435 952 2479 esso
960 2419 1087 2482 festum
1121 2403 1249 2496 ephrath

124 2524 303 2586 rrativitatis
321 2522 451 2586 Christi.
483 2523 521 2583 ln
542 2539 606 2603 quo
628 2522 724 2586 etiam
746 2529 863 2585 errant.
885 2523 929 2584 Hi
950 2523 1102 2604 Armeni,
1120 2527 1155 2580 nt
1174 2514 1251 2576 hono

125 2636 177 2692 ost
196 2629 346 2711 superins
369 2626 410 2688 de
421 2627 604 2710 Georgicis,
624 2626 805 2690 habuerunt
823 2636 963 2692 montem
974 2627 1157 2704 calvariae,
1173 2614 1249 2682 sodi⁰

124 2733 246 2794 amisso
268 2739 417 2798 emerant
437 2749 459 2794 a
479 2729 622 2795 Soldano
644 2730 750 2793 locam
770 2731 804 2794 in
835 2733 993 2814 superiori
1024 2729 1138 2814 templi
1162 2719 1248 2794 amilio,

125 2842 158 2896 et
178 2835 223 2898 ibi
244 2837 376 2900 ohorum
397 2841 689 2918 consecraverunt,
722 2843 756 2896 et
783 2836 969 2900 habitooula
999 2837 1156 2902 lecerunt.
1196 2825 1248 2885 San

125 2945 232 3000 antem
253 2939 388 3002 Armeni
408 2943 516 3004 minus
547 2940 641 3004 nobis
676 2939 840 3006 difformes
879 2959 975 3024 quam
1005 2947 1188 3026 quicumque
1215 2921 1248 2986 dii

124 3041 273 3127 praelati.
328 3044 429 3106 Porro
457 3046 588 3130 audivi,
617 3045 804 3129 trequenter
836 3065 912 3111 esse
938 3049 1097 3132 quosdam
1123 3043 1247 3106 Armeno·

124 3148 180 3232 qni
201 3147 307 3212 nullos
329 3147 449 3211 habent
471 3151 659 3215 saoordotos
671 3195 681 3232 ,
709 3152 773 3216 nisi
803 3151 921 3217 iratres
948 3153 1197 3224 Praedicator,
1211 3133 1245 3219 tffl'

125 3263 202 3320 sunt
224 3271 335 3318 oornrn
362 3254 506 3338 episcopi
527 3258 631 3319 ourati
660 3265 693 3318 et
721 3257 920 3344 saeordotos,
944 3267 978 3322 et
1001 3268 1081 3322 sunt
1098 3249 1191 3340 optimi
1211 3258 1245 3304 ⁰¹·
1270 3287 1271 3292 κ

125 3361 246 3443 tholioi,
269 3378 351 3447 quos
372 3359 503 3445 quidam
525 3360 624 3423 irater
636 3359 767 3426 Ordinis
786 3361 826 3426 ad
845 3363 944 3428 lidern
957 3367 1127 3447 convertit,
1145 3351 1242 3420 etSfflss·

126 3483 209 3526 nram
231 3465 266 3526 S.
289 3467 431 3530 'l'homao
451 3467 484 3528 in
514 3485 623 3529 eorum
643 3465 786 3550 lingnam
815 3471 994 3554 transtulit,
1027 3477 1061 3532 et
1086 3469 1160 3532 alios
1181 3457 1244 3518 lilii

126 3567 355 3634 catholicorum
376 3570 552 3636 dootornm.
596 3571 712 3636 Solent
730 3572 778 3636 illi
796 3573 934 3639 Armeni
953 3593 1012 3658 pro
1043 3584 1174 3658 tempore
1189 3555 1240 3622 lili·
1270 3585 1271 3672 p

125 3676 200 3732 toro
220 3673 407 3754 generalem
429 3678 621 3760 magistrum
644 3675 777 3741 Ordinis
798 3677 1060 3743 Praedieatorum
1071 3726 1080 3762 ,
1101 3688 1132 3741 et
1147 3661 1241 3736 willo

125 3789 208 3839 suae
230 3775 432 3843 obedientiae
454 3783 618 3865 exhibere,
640 3791 672 3844 et
689 3783 897 3866 sepulchrum
907 3785 993 3848 beati
1008 3779 1161 3848 Dominioi
1175 3761 1238 3856 pilii

121 3880 230 3940 nostri
252 3880 388 3944 visitant
407 3885 442 3950 in
463 3889 611 3951 Bononio
631 3905 704 3950 ourn
726 3887 828 3953 multa
848 3885 1030 3953 devotione.
1083 3889 1152 3951 Hoo
1172 3863 1240 3942 audio

123 4001 145 4044 a
165 3983 470 4069 matthaeanus,
503 3993 557 4074 qni
583 4009 640 4056 oos
661 3991 812 4057 viderunt
833 4001 867 4056 ot
898 3993 1091 4058 audiverunt
1122 3983 1236 4072 loqttlffl

125 4105 199 4151 oum
221 4088 384 4170 Generali,
405 4089 499 4154 modo
520 4113 584 4175 quo
605 4105 776 4178 poterant,
804 4100 881 4180 qnia
905 4099 1006 4164 latina
1037 4099 1144 4184 lingna
1168 4079 1237 4150 αἵθ’
1270 4099 1271 4144 l

126 4197 160 4246 et
185 4191 325 4268 italioarn
346 4193 504 4270 ignorant.
619 4236 626 4249 .
1040 4259 1053 4274 ..
1137 4229 1165 4245 -.
1270 4185 1271 4248 l
