2792 4778
681 117 740 182 tlt

126 305 164 362 et
185 297 345 381 praelatos
367 301 400 360 in
423 308 631 383 augmentum
654 300 904 386 divinioultus,
925 311 957 366 et
972 306 1011 368 tu
1031 301 1123 366 brem
1157 312 1305 388 tempore

128 413 248 488 gentes
276 423 334 486 per
351 405 525 508 circuitum
548 405 839 470 subnervaverunt.
893 411 1008 491 ltaque
1036 427 1132 472 nemo
1164 407 1300 490 ‹tigitnm

129 517 243 574 onuba
265 528 322 574 eos
354 507 464 573 movit.
508 506 593 572 Nam
619 512 744 574 interea
764 513 916 596 ciuitates
944 521 977 574 et
1007 513 1142 576 castella
1172 515 1299 576 munie-

7 603 12 618 ’
128 623 205 678 runt
232 613 407 717 Christiani
435 624 467 680 et
499 616 672 698 praecipue
700 615 882 680 Jerusalem
922 620 954 678 et
984 617 1175 679 Bethlehem
1198 618 1298 715 muris

7 729 12 750 ’
121 729 164 784 et
185 720 329 785 turribus
351 717 601 784 obfirmaverunt
624 729 736 783 contra
756 719 913 784 infideles.
957 723 993 784 ln
1014 719 1080 784 illis
1100 719 1299 805 temporibus

128 826 190 888 luit
210 823 400 887 Bethlehem
419 833 534 886 sancta
552 808 719 920 pppulosa,
740 825 862 909 inclyta
883 835 916 889 et
937 816 1069 908 meeis
1086 834 1118 888 et
1154 825 1195 888 de
1222 825 1298 888 uni·

126 933 235 994 versis
248 930 366 994 linibus
379 927 636 1012 Christianorum
657 929 834 1022 afferebant
860 947 994 993 munera
1014 931 1046 994 in
1058 946 1126 1012 en,
1148 927 1299 996 et'ditte-

127 1035 204 1098 simi
232 1043 428 1098 mercatores
455 1033 518 1099 ihi
534 1033 728 1099 residebant.
774 1033 868 1103 Unde
892 1033 995 1110 hodie
1021 1044 1106 1120 ‘aitte
1137 1033 1297 1112 ecelesias

18 1155 22 1160 ·
130 1149 208 1206 sunt
238 1138 437 1217 testudines,
459 1137 520 1200 sub
547 1140 663 1220 quibus
696 1139 827 1204 inerunt
853 1145 991 1224 pategae
1013 1149 1235 1222 mercatorum,
1263 1147 1298 1201 et

127 1255 195 1310 mm
216 1243 355 1327 populus
376 1261 471 1326 qnam
493 1241 600 1308 olerns
623 1245 656 1309 in
678 1245 868 1306 immensum
890 1243 962 1323 (D)
993 1246 1199 1328 proiecerunt
1230 1251 1297 1308 tem

127 1353 170 1413 in·
182 1348 413 1431 spiritualibus,
440 1365 537 1440 quapr
567 1349 601 1410 iu
629 1343 869 1431 temporalibus.
923 1347 1005 1412 Cum
1034 1351 1161 1432 magnis
1186 1355 1297 1415 antem

115 1456 244 1518 turmis
265 1452 395 1518 cottidie
417 1451 626 1516 confluebant·
641 1455 804 1537 peregrini
825 1453 866 1516 de
886 1452 1097 1538 talemundo,
1112 1469 1177 1518 non
1190 1455 1295 1518 solum

125 1565 170 1622 ut·
184 1558 267 1622 loca·
287 1549 382 1620 sacra
411 1569 581 1635 cernerent
614 1569 646 1623 ct
681 1559 900 1644 indulgentias
932 1560 1133 1641 acclp'erent,
1164 1557 1224 1622 sed
1254 1565 1294 1619 ut

126 1659 280 1726 virtutu'm
302 1665 452 1749 exempla
472 1665 686 1747 viderent,·ot
707 1665 795 1730 vitae
817 1663 1071 1726 emendationem
1085 1668 1293 1745 reportarent.

126 1768 309 1855 Praecipue
339 1777 446 1831 tamen
483 1768 525 1831 ad
557 1769 642 1832 festa
665 1764 855 1852 principalia
890 1763 1070 1831 trativite'tis
1085 1763 1230 1833 'Domini
1261 1775 1293 1827 et

7 1951 8 1960 ἵ
126 1873 378 1968 resurrectionis,
406 1883 495 1936 tanta
534 1871 701 1935 multitudo
735 1868 776 1934 de
810 1872 965 1934 extremis
997 1867 1108 1934 mundi
1145 1869 1292 1951 partibus

124 1977 292 2060 confluat,
319 1987 355 2040 nt
372 1970 540 2070 'terrefieos
565 1968 623 2040 uix
645 1994 762 2060 capere
789 1983 901 2059 posset
907 2015 919 2052 ,
951 1983 1083 2057 propter
1107 1972 1290 2036 divinornm

123 2081 303 2146 ciliciorum
327 2081 567 2150 devotissimam
584 2083 816 2169 peractionem.

204 2187 338 2250 Festum
360 2187 480 2272 quippo
498 2187 615 2252 natalis
640 2183 769 2249 Domini
791 2183 848 2248 tali
877 2181 989 2246 ordina
1021 2181 1171 2244 solebant
1195 2197 1292 2261 pera-

124 2309 213 2375 gete.
257 2293 294 2353 ln
315 2290 430 2374 vigilia
457 2288 575 2354 natalis
594 2291 722 2354 Domini
748 2289 893 2360 venit'irl
918 2277 1107 2354 Bethlehem
1136 2285 1177 2348 de
1192 2285 1292 2349 Jeru-

124 2396 227 2458 salem
249 2397 432 2478 patriarcha
448 2392 773 2478 Hieros'olymitanus,
797 2411 870 2459 eum
892 2389 1156 2472 suls-episcopis,
1177 2389 1292 2450 ahbat-

123 2499 201 2564 ibus.
240 2509 273 2562 et
307 2492 439 2578 clericis
471 2517 510 2562 ao
527 2497 529 2501 ’
545 2495 722 2567 monachis.
785 2496 889 2575 Quem
920 2495 1198 2561 corrocmitabatur
1233 2510 1292 2556 rex

124 2604 307 2668 Jerusalem
330 2623 402 2668 cum
426 2607 496 2668 auis
516 2588 733 2687 principibus,
754 2603 935 2683 comitibus,
955 2597 1119 2682 militibus,
1142 2597 1292 2680 praelec-

125 2711 186 2794 tis,
209 2709 394 2792 nobilibusp
425 2719 458 2770 et
479 2710 539 2772 hos
559 2727 673 2771 omrres
697 2709 894 2794 sequebatur
925 2707 1093 2769 innumera
1123 2701 1291 2766 multitudo

125 2817 382 2898 peregrinorum,
405 2832 487 2898 quos
502 2813 663 2877 ducebant
683 2811 828 2894 magistri
849 2819 881 2872 et
900 2811 1056 2893 praelecti
1073 2801 1290 2892 hospitalium,

124 2920 354 2985 etcommunis
373 2899 512 3004 vulgus,
526 2917 633 2982 “serres
654 2926 687 2980 et
705 2916 861 3000 juvenes,
887 2915 943 2980 illo
974 2913 1026 2977 dte
1046 2915 1080 2978 iu
1101 2913 1290 2995 Bethlehem

125 3022 330 3104 hstiuahant.
389 3025 503 3111 illedia
542 3033 650 3087 autem
678 3028 773 3086 nocte
810 3020 951 3104 pulsatis
974 3007 1150 3102 ¹compenis
1185 3018 1290 3081 omnis

7 3168 8 3175 κ
123 3128 217 3212 plebs
247 3128 289 3192 ad
318 3131 489 3194 ecclesiam
522 3127 703 3192 nativitatis
727 3125 849 3190 Christi
883 3125 1039 3187 eorrveuit
1069 3124 1109 3186 ad
1145 3123 1289 3186 ditinum

124 3229 293 3316 Officium,
321 3242 355 3296 et
384 3237 483 3306 orah‘s
517 3233 683 3297 matutinis
711 3234 884 3314 episcopus
905 3226 1190 3303 bethlehemiticus
1215 3243 1289 3289 cum

122 3337 192 3398 suis
226 3337 382 3399 ministris
418 3341 522 3402 sacris
554 3337 659 3402 induti
692 3335 853 3420 prooessit
884 3333 918 3396 in
947 3349 1079 3416 specum
1110 3328 1289 3395 dominicae

122 3439 301 3503 nativitatis
334 3448 367 3502 et
397 3442 534 3505 Missam
570 3443 604 3504 iu
635 3441 707 3504 loco
738 3440 919 3508 nativitatis
935 3437 1101 3502 cautsvit:
1130 3435 1288 3499 Dominus
1347 3425 1351 3432 ’

122 3541 202 3612 dixit
223 3541 263 3606 od
277 3561 329 3603 me
348 3551 411 3605 etc.
454 3545 527 3607 Hoc
542 3543 661 3608 Officio
681 3545 774 3608 finito
787 3551 868 3607 'curn
887 3543 1034 3606 accensis
1051 3539 1185 3621 lacibus,
1207 3555 1289 3600 cau-

122 3646 215 3728 delis‚
237 3643 378 3709 lucernis
399 3655 432 3710 et
454 3646 627 3726 luminibus
649 3648 793 3712 universi
819 3645 1106 3730 processionaliter
1125 3643 1166 3706 de
1178 3643 1289 3705 ecole-

121 3752 173 3814 sia
193 3751 357 3833 exierunt‚
379 3757 413 3812 et
433 3751 466 3812 in
486 3749 604 3814 vallem
636 3751 875 3815 descenderunt
910 3747 951 3812 ad
982 3748 1153 3811 ecclesiam
1176 3747 1288 3810 Gloria

120 3857 154 3918 iu
175 3855 326 3938 excelsis,
354 3860 388 3918 et
408 3853 453 3918 ihi
474 3853 643 3918 Officium:
665 3853 740 3918 Lux
762 3853 898 3936 fulgebit
929 3865 1003 3916 ctum
1032 3871 1149 3937 magno
1169 3851 1287 3935 gaudio

119 3968 324 4044 peregerunt,
357 3959 444 4042 quod
475 3959 593 4042 aliquis
626 3959 667 4022 de
698 3959 824 4041 magnis
853 3958 1036 4039 pastoribus
1069 3966 1102 4020 et
1131 3949 1286 4038 praelatis

119 4064 272 4128 cantavit.
316 4065 395 4131 Post
415 4063 479 4127 hoc
500 4063 641 4127 cilicium
663 4060 931 4143 reascenderunt,
968 4070 1001 4123 et
1022 4061 1165 4144 reliques
1187 4057 1284 4123 horas

118 4167 293 4236 canonicas
305 4177 529 4254 cantaverunt,
553 4185 616 4253 quo
628 4177 770 4250 tempore
781 4166 963 4250 patriarcha
977 4164 1285 4248 hierosolymitanus
