2914 4850
779 32 954 150 5⁰„

221 274 265 340 ad
278 291 373 339 suum
395 289 507 336 casum
528 269 666 352 tremuit,
685 267 762 352 quia
783 275 853 331 erat
872 267 924 330 vir
937 284 1079 351 mama
1098 278 1130 332 et
1153 287 1329 334 erasus.
1351 272 1362 332 l

219 399 299 445 vero
317 393 431 444 omnes
452 375 674 456 conticuimus,
689 373 850 456 perterriti
869 373 1093 437 auscultantes
1107 376 1188 458 quis
1215 376 1362 440 occidis

218 485 335 552 Statim
354 491 464 549 eutem
485 481 540 544 ille
559 479 696 546 illaesus
715 480 865 562 surrexit,
887 488 919 542 at
941 497 1015 543 cum
1040 479 1095 547 trs
1128 481 1274 564 incepit
1308 483 1362 563 ling

218 589 415 656 balbutiente
436 605 602 671 quaerere,
629 584 763 648 dicens:
785 587 874 648 Ecce
894 583 1018 650 scalam
1035 585 1110 672 ‘aab
1132 586 1297 668 pedibus
1319 589 1362 652 htl

218 704 256 760 et
272 713 331 777 per
351 703 419 756 tres
439 691 561 775 gradus
582 691 736 756 umenti
758 700 790 753 et
810 689 941 774 quidam
962 690 1062 755 traxit
1075 691 1155 754 nrihi
1177 711 1267 756 earn
1294 692 1362 773 dep

217 799 313 864 diburo
334 807 368 862 et
388 797 502 862 cecidi.
540 796 602 863 Cui
623 814 696 861 cunt
714 794 844 880 quidam
864 795 1002 858 diceret:
1029 796 1153 860 scalam
1179 807 1273 867 carte
1298 800 1362 862 hort

219 905 322 968 luisse
344 903 539 987 depositam3
562 899 745 983 respondit:
767 916 832 966 non
854 909 906 966 est
927 902 989 984 ita,
1010 903 1085 986 quia
1105 903 1222 969 tribus
1247 904 1362 987 gradibt

213 1009 284 1092 jam
305 1007 553 1091 descenderam,
575 1009 662 1070 etin
684 1008 778 1068 tertio
799 1006 903 1088 gradu
927 1025 980 1070 me
1013 1009 1226 1070 consistente
1249 1011 1362 1072 mihis

217 1115 373 1183 detracta.
418 1111 474 1177 Ad
505 1112 588 1181 ha'ec
613 1112 717 1178 verba
748 1130 862 1176 omines
888 1112 1007 1176 luimus
1040 1113 1181 1179 resoluti
1211 1115 1254 1176 in
1292 1117 1362 1176 risu

216 1221 358 1289 scientes
368 1217 490 1288 scalam
503 1217 701 1280 antehoram
712 1216 816 1279 luisse
828 1225 983 1300 amotam,
1015 1237 1076 1301 go
1099 1238 1181 1282 vcro
1190 1218 1362 1300 jocundata

217 1325 321 1406 magis
352 1324 415 1406 fui,
435 1322 650 1406 congaudeas
665 1321 772 1398 socio,
801 1320 888 1404 quod
909 1323 942 1402 in
964 1330 1029 1384 tam
1050 1324 1245 1405 pericoleso
1280 1335 1314 1388 ct
1332 1324 1362 1384 alt

215 1447 295 1492 casu
316 1429 394 1492 nibil
425 1429 508 1492 mali
522 1429 585 1490 sihi
606 1411 907 1508 accidtt',1multum
935 1428 968 1492 in
996 1429 1096 1492 risum
1118 1429 1316 1494 concitatus
1336 1429 1362 1490 in

214 1534 362 1618 Cumque
383 1533 563 1597 audivisset
591 1551 644 1594 me
663 1530 822 1605 ridentem
848 1531 1013 1596 intremuit
1043 1542 1155 1596 contra
1178 1555 1250 1598 me.
1297 1537 1362 1607 an

214 1640 334 1722 inquit,
368 1640 541 1703 manifeste
567 1656 682 1720 cerno,
712 1635 798 1719 quod
830 1646 865 1699 tu
892 1637 991 1700 frater
1018 1639 1114 1701 Felix
1149 1641 1236 1702 mihi
1273 1639 1362 1704 scalu

214 1745 341 1808 traxisti
362 1745 403 1806 de
424 1744 572 1827 pedihus.
615 1742 712 1807 Certo
734 1741 871 1806 uncam
895 1761 959 1818 non
981 1745 1096 1827 exibit,
1114 1745 1179 1806 nisi
1200 1763 1260 1807 mc
1285 1743 1362 1808 vindi

216 1868 346 1922 cavero.
390 1848 539 1933 Cumque
559 1867 612 1912 me
640 1865 849 1929 excusarem,
880 1846 955 1943 plus
978 1847 1225 1933 indignabatur,
1262 1861 1298 1912 et
1316 1849 1362 1912 mil

213 1956 443 2036 maledicebat,
461 1954 575 2038 jurans
597 1970 635 2015 se
655 1954 689 2015 in
711 1954 886 2023 crastinum
907 1953 1084 2018 vindictam
1107 1955 1147 2016 dc
1169 1975 1224 2018 me
1248 1970 1362 2020 sumere

213 2059 282 2122 Sed
304 2061 450 2125 dormitio
480 2077 621 2142 sequens
657 2075 770 2122 omnes
798 2058 1019 2139 vertiginosos
1045 2066 1275 2145 etpegrotos,
1309 2075 1361 2142 qun

211 2164 327 2230 vinum
364 2163 528 2227 Creticum
566 2163 806 2244 debilitaverat,
843 2165 990 2236 sanavitr
1019 2182 1095 2228 nec
1114 2165 1166 2238 in
1206 2169 1360 2228 crastinuu

210 2271 367 2335 memoria
386 2271 520 2347 istorum
543 2270 612 2332 ituit.
636 2265 673 2332 Si
685 2268 739 2330 ille
757 2269 948 2350 peregrinus
968 2269 1092 2354 absque
1107 2269 1183 2342 vino
1201 2277 1234 2332 et
1255 2271 1359 2342 sabin

211 2377 309 2442 istum
330 2395 442 2442 casum
464 2376 658 2459 accepisset,
679 2373 763 2436 forto
785 2375 945 2436 cervicem
953 2383 1019 2437 eut
1041 2374 1139 2436 tibias
1151 2375 1357 2461 confregisset.

211 2480 431 2551 Commuuiter
462 2482 547 2553 enim
574 2481 655 2542 ebrii
683 2479 715 2540 in
746 2479 876 2542 casibus
908 2480 1099 2562 periculosis
1133 2489 1209 2549 suut
1241 2481 1357 2544 meten

211 2586 457 2668 fortunatiorcs,
492 2585 638 2648 sednon
671 2585 915 2666 prudentiores,
950 2583 1079 2668 dempto
1106 2583 1237 2648 Polemo
1254 2586 1357 2667 juven

210 2692 448 2770 ehdosisaimo,
474 2689 514 2750 de
543 2709 607 2773 quo
639 2689 757 2770 legitur
777 2691 812 2750 in
852 2691 921 2754 vita
962 2692 1154 2754 Xenocratis
1189 2689 1356 2774 Philosophi

211 2793 363 2875 discipuli
383 2792 541 2873 Platonis,
563 2795 618 2874 qui
639 2801 727 2870 totus
743 2796 850 2857 ebrius
869 2805 904 2858 et
928 2794 1063 2864 luscius
1080 2793 1228 2866 vestibus
1244 2796 1355 2858 indutu

211 2917 285 2962 cum
308 2915 366 2978 per
388 2898 550 2960 civitatem
564 2897 712 2960 Athenas
727 2897 869 2963 madens.
881 2901 959 2970 vino
974 2898 1176 2980 discurreret,
1192 2908 1226 2960 et
1243 2901 1355 2964 scholas

210 3000 404 3066 Xenocratis
426 3010 556 3082 apertas
582 3012 738 3085 cerneret,
756 3004 901 3087 intravit,
923 3013 958 3066 ut
977 3003 1155 3087 disciplioIs
1170 3005 1354 3068 intendentes

210 3104 379 3171 derideret.
424 3103 572 3188 Cumque
604 3123 716 3168 omnes
744 3107 785 3170 ad
814 3107 885 3189 ejus
912 3111 1097 3191 ingressum
1112 3109 1353 3192 indignarentur,

210 3213 413 3276 Xenocrates
431 3209 523 3277 vultu
544 3217 685 3291 maturo,
707 3214 895 3295 emissore,
917 3211 957 3274 dc
975 3228 1039 3298 qua
1067 3214 1298 3301 disserebatur,
1326 3217 1352 3280 dr

208 3317 409 3393 modestiaet
426 3317 641 3400 temperantia
661 3315 749 3398 loqui
769 3321 863 3399 cepit.
887 3317 990 3403 Cujus
1002 3323 1192 3402 gravitatem
1212 3325 1352 3405 permotis

207 3415 360 3482 Polemon
383 3423 533 3507 audiens,
567 3425 669 3506 primo
693 3421 868 3489 detractam
892 3423 933 3488 de
961 3428 1076 3508 capite
1089 3441 1233 3489 coronam
1255 3427 1350 3489 florum

205 3521 353 3606 projecit,
371 3528 574 3606 postmodum
602 3528 733 3611 pellium
755 3528 911 3597 seculare.
925 3528 1085 3612 deposuit,
1110 3537 1142 3601 et
1164 3528 1202 3590 ad
1221 3530 1348 3596 ultimum

207 3628 355 3690 omnibus
398 3629 617 3710 voluptatibus
653 3635 774 3714 spretis
819 3633 861 3696 ad
893 3638 993 3707 unius
1037 3637 1187 3698 orationis
1223 3637 1346 3700 auditum

206 3731 418 3814 philosophus
437 3735 595 3799 maximus
614 3739 729 3803 evasit.
760 3737 938 3802 'l'ransacta
952 3739 1010 3819 illa
1024 3749 1120 3810 nocte
1134 3742 1168 3802 in
1180 3743 1345 3821 crepusculo

206 3853 324 3900 navem
352 3835 526 3918 solvimus,
559 3846 592 3900 et
623 3849 715 3905 extra
746 3848 873 3921 portum
895 3863 953 3925 per
984 3855 1117 3908 ventum
1147 3843 1215 3906 clati
1238 3864 1342 3914 sumus

206 3941 274 4006 Sed
295 3958 368 4006 cum
396 3957 461 4004 non
490 3939 587 4023 longe
607 3945 831 4030 venissemus,
861 3952 1001 4013 occurrit
1023 3952 1118 4016 nobis
1140 3959 1249 4014 ventus
1277 3975 1342 4018 con·

205 4050 334 4131 itarius,
355 4057 388 4110 et
405 4045 607 4129 jactabamur
626 4048 660 4108 in
682 4049 832 4118 fluctibus
852 4056 924 4118 sinc
945 4073 1135 4137 progressu.
1164 4055 1340 4124 Cenabantur

204 4171 282 4237 arpo
302 4163 428 4239 portum
452 4149 615 4216 Creticum
636 4154 807 4240 reintrare,
844 4157 991 4236 sednon
1013 4168 1162 4240 poterant
1189 4163 1338 4243 obsistente
