2914 4850
775 122 798 184 d

199 305 321 392 aliquid
341 307 374 368 in
396 322 435 366 eo
457 301 648 385 repererint,
671 304 724 386 pie
745 301 973 365 condonabunt
995 309 1028 363 et
1048 298 1308 384 indulgabunt.
1347 303 1368 364 P

199 433 266 500 quc
283 409 446 475 humiliter
467 409 614 492 supplico
635 407 999 507 Reverentiasucorum.

282 516 384 581 Porro
406 513 436 578 si
456 512 584 576 libellus
606 513 669 576 iste
690 512 732 576 ad
753 510 873 576 maund
891 512 1018 575 venerit
1036 510 1173 591 illorum,
1195 509 1253 572 de
1285 515 1373 596 quib

201 619 676 707 habeturDistinpt.XXXVIL
696 618 903 700 Sacerdotes,
915 615 1180 700 quiomissisDei
1192 620 1376 702 evangeli

130 755 135 762 ·
202 736 236 791 et
245 725 417 808 Prophetis
434 723 618 788 comoedias
632 724 755 806 legunt,
766 731 799 786 et
816 723 972 786 amatoria
981 721 1207 808 Bucoliqomm
1221 743 1379 786 versuo

203 832 306 896 verba
326 837 465 911 canunt,
487 837 520 892 et
547 828 717 911 Virgilium
738 835 867 910 teuent,
889 835 922 890 et
943 825 1050 909 (nn)
1072 825 1230 890 Carmina
1262 832 1380 911 poetic

204 934 352 1019 student,
381 943 414 997 et
434 935 468 997 in
489 951 608 1015 pompa
629 933 860 996 rhetoricorum
884 904 1064 997 'lerborum
1100 929 1285 1016 gaudent,
1326 935 1381 997 sd·

204 1059 330 1106 menon
341 1056 440 1123 posse
452 1057 563 1102 eorum
580 1036 838 1120 detrectationes,
851 1035 1039 1127 derisiones,
1052 1045 1084 1098 et
1103 1036 1383 1102 subsanuatione

206 1145 354 1211 evadere.
408 1141 473 1221 Qui
511 1146 619 1208 omnia
658 1145 807 1229 Scripta,
848 1144 944 1207 etiam
976 1140 1142 1204 Canonica
1174 1149 1207 1203 et
1246 1143 1381 1206 Sanct·

204 1250 388 1342 Rbetoricis
410 1247 542 1310 floribus
563 1267 628 1311 non
649 1250 806 1332 redimito,
823 1258 878 1312 aut
903 1247 1097 1311 locutionem
1107 1247 1318 1310 Tullianam
1345 1263 1383 1308 nu

206 1352 386 1422 redolentia
415 1349 608 1434 d’dacerent,
647 1361 679 1414 et
710 1361 860 1415 auctores
892 1372 1002 1416 eorum
1032 1351 1188 1439 derident.
1246 1352 1383 1415 'l'alibu

204 1457 436 1540 Evagatorinm
469 1464 615 1521 nostrum
648 1457 851 1527 fastidiosum
884 1458 961 1538 erit,
992 1459 1069 1539 quia
1100 1457 1228 1518 curiose
1264 1453 1383 1520 aman

208 1564 343 1626 Sacram
371 1559 570 1643 Scripturam
597 1560 816 1644 vilipendunt,
847 1558 1031 1625 Jerusalem
1062 1580 1127 1624 uon
1157 1559 1339 1646 diligunt,
1369 1581 1383 1619 o

207 1669 347 1732 maxime
379 1667 409 1729 si
436 1665 581 1728 Felicem
609 1677 787 1750 spernunt,
825 1683 921 1750 quem
950 1667 1115 1750 garrulum
1148 1673 1182 1728 et
1212 1665 1363 1729 indoct
1377 1675 1383 1717 ἑ

208 1771 462 1858 proclamabunt.
508 1769 577 1833 Sed
600 1770 690 1855 licet,
720 1772 825 1856 iuquit
855 1773 1074 1856 Hieronymus
1105 1769 1229 1832 exedra
1264 1772 1383 1834 sibile*

209 1887 241 1942 et
267 1877 373 1940 victor
399 1876 456 1958 qui
477 1875 506 1938 si
526 1875 676 1938 incendia
697 1896 762 1938 non
780 1876 900 1960 jactet,
922 1895 1095 1960 numquam
1117 1895 1225 1939 meum
1251 1877 1380 1940 Christ

206 1983 343 2066 juvante
375 1981 483 2044 silebit
512 1981 690 2064 eloquium,
723 1983 862 2045 etiamsi
892 1983 1041 2066 praecisa
1069 1982 1181 2064 lingna
1211 1981 1383 2045 balbutiet

208 2107 293 2172 quae
315 2087 489 2148 adhaereat
520 2094 596 2168 opto
618 2086 766 2149 faucibus
798 2089 888 2150 meis
932 2086 1057 2150 Sinon
1078 2087 1257 2150 meminero
1282 2090 1377 2170 tui,÷

210 2191 406 2270 Jerusalem.
437 2192 585 2276 Legunt,
607 2193 662 2276 qui
684 2191 813 2275 volunt3
835 2193 897 2275 qui·
911 2192 1034 2275 nolunt,
1056 2192 1168 2274 apices
1181 2195 1383 2256 eventilent

210 2299 283 2383 Ego
313 2297 476 2361 destinato
515 2297 605 2379 operi
634 2298 796 2381 imponam
831 2316 979 2383 manum,
1016 2306 1050 2360 ct
1083 2296 1248 2380 scyllaeos
1285 2307 1385 2370 canet

211 2405 359 2468 obturata
381 2423 458 2468 aure
479 2404 636 2473 transibo.
1000 2470 1019 2491 Ι,

293 2511 494 2592 vosautem,
512 2510 630 2587 fratres
642 2510 704 2570 mei
721 2507 1162 2590 cbarissimi„llvagatorium
1181 2501 1385 2589 accipientesl

210 2616 348 2696 primum
364 2615 481 2675 eximio
498 2611 621 2674 Sacrae
632 2612 827 2694 Theologioe
839 2613 1029 2694 Professori,
1052 2612 1211 2694 Magistro
1221 2614 1380 2677 hndwict

210 2717 337 2799 Μὴ,
358 2716 460 2777 Priori
480 2724 590 2790 nostro
610 2715 805 2797 praedigna,
837 2718 1101 2802 examinandum,
1115 2719 1383 2813 ,porrigendum-4

211 2841 274 2906 que
302 2825 518 2903 praesentate.
544 2817 720 2896 ‘Quamvis
750 2823 834 2882 euim
862 2823 969 2905 ipsum
994 2823 1062 2886 vile
1093 2823 1290 2908 opusculum
1321 2831 1383 2887 no*

210 2911 407 3010 magnopere
429 2931 484 2988 aut
510 2926 698 2988 necessario
719 2909 829 2988 ²veniat
850 2927 1090 3012 corrigendum,
1113 2929 1207 3014 qnasi
1234 2927 1378 3010 periculo

212 3033 309 3096 alicui
337 3048 413 3094 esse
442 3029 559 3114 possit:
591 3030 728 3113 Absque
762 3040 870 3095 tamen
900 3053 981 3106 suae
1011 3035 1132 3098 Rever.
1169 3034 1383 3102 l'aternitntis¹

212 3145 292 3201 nutu
322 3145 355 3200 et
376 3151 540 3200 consensu
567 3136 601 3198 in
622 3126 784 3218 publicum
812 3137 947 3220 prodeat
977 3141 1060 3203 nolo.
1105 3139 1148 3203 llt
1174 3140 1208 3202 in
1229 3141 1299 3202 hoc
1322 3153 1384 3201 non

211 3243 306 3308 modo
322 3260 402 3306 suae
419 3241 625 3304 venerandae
634 3242 824 3304 Poternitati
839 3234 1005 3320 detulisse,
1022 3245 1082 3308 sed
1099 3255 1131 3308 et
1147 3246 1210 3328 ipsi
1224 3241 1379 3326 opusculo

211 3348 325 3412 videar
345 3347 557 3422 consuluisse.
601 3345 678 3411 Scio
701 3347 850 3432 equidem
872 3358 905 3410 et
926 3360 1035 3414 certos
1055 3366 1144 3434 snm,
1167 3343 1253 3432 quod
1274 3351 1379 3432 ipsun

212 3453 459 3539 Evagatorium,
493 3453 568 3517 dum
595 3472 638 3517 ex
666 3455 750 3524 cella
778 3455 859 3518 tanti
886 3455 1037 3520 Doctoris
1065 3455 1176 3540 egredi
1206 3455 1377 3534 videbitur,

212 3557 414 3620 auctoritatis
428 3567 460 3621 et
477 3558 659 3643 splendoris
674 3561 846 3645 plurimum
862 3561 1000 3645 accipiet
1010 3571 1108 3646 atque
1118 3562 1249 3625 valoris.
1273 3562 1378 3624 Etiam

211 3679 270 3746 pro
293 3672 331 3727 cn
352 3663 500 3728 habendo
520 3664 724 3752 laborabunt,
745 3667 801 3750 qui
822 3674 898 3728 ante
918 3684 999 3730 suae
1017 3666 1226 3730 Patemitatis
1245 3667 1376 3749 inspec-

213 3754 332 3830 tionem
354 3766 482 3832 deluto
504 3788 569 3832 non
590 3769 765 3868 levassent.
821 3770 878 3836 Sic
900 3791 994 3856 ergo,
1017 3772 1134 3835 fratres
1155 3771 1376 3851 amantissimi,

213 3891 271 3956 per
292 3874 399 3935 omnia
420 3891 542 3955 quaero
564 3874 680 3952 facite,
708 3883 741 3936 et
761 3876 794 3938 iu
815 3877 921 3939 vicem
942 3877 1087 3940 laborum
1108 3893 1252 3941 meorum
1273 3875 1375 3940 Deum

213 3976 454 4042 misericordem
494 3998 553 4062 pro
591 3997 643 4042 me
680 3979 914 4063 deprecamini,
964 3990 998 4044 et
1035 3979 1230 4044 Reverendo
1266 3991 1375 4046 nostro

214 4081 373 4164 Magistro
406 4090 438 4145 et
478 4083 598 4164 Priori,
640 4086 840 4169 praeceptori
876 4089 960 4148 mco'
987 4086 1287 4170 observantissimo,
1324 4105 1373 4151 me

215 4186 479 4251 recommendare.
523 4187 641 4252 Valete
661 4189 695 4252 in
716 4208 798 4256 aevo
821 4188 917 4255 felici.
