2608 4842
560 173 625 242 dib

17 423 158 500 ectio
192 387 463 526 peregrinorum
488 421 536 500 de
553 385 559 392 .
574 422 711 524 templo
750 422 868 500 sancti
899 423 1104 528 sepulchri,
1140 437 1179 506 et

17 544 165 622 itatis
191 545 372 639 locorum,
409 541 602 642 inquibus
628 541 879 641 indulgentiae
910 543 1089 629 habentur
1112 569 1179 648 per

387 663 574 741 drmitum
601 661 798 740 eeclesiae.
1178 715 1181 724 .

55 844 206 910 Finitis
217 843 344 908 Officiis
366 851 400 908 et
418 845 534 908 Missis
556 844 729 910 celebratis
748 856 909 912 venerunt
930 805 1049 912 domini
1069 849 1176 914 Mauri

17 951 133 1042 gani,
171 959 205 1012 et
231 949 350 1036 januas
379 949 540 1014 eeclesiae
565 951 805 1036 patefecerunt,
839 951 997 1020 facientes
1024 973 1176 1038 maguum

17 1058 171 1144 spitum
194 1053 391 1136 advalens,
423 1062 460 1116 ut
489 1056 586 1120 citius
618 1058 790 1120 exiremus.
835 1052 907 1134 Quo
934 1056 1045 1122 audito
1075 1063 1177 1126 territi

17 1178 100 1224 nus
130 1160 313 1250 peniteret
334 1159 455 1223 turbati
476 1179 534 1250 pro
556 1161 763 1242 separatione
784 1177 804 1223 tt
826 1167 891 1227 tam
912 1159 1062 1228 dulcibus
1083 1163 1176 1248 locis,
1285 1191 1286 1196 κ

22 1265 262 1330 cucurrimus
290 1283 356 1349 per
385 1264 474 1348 loeo,
508 1263 736 1330 deosculantes
770 1283 827 1348 ea;
860 1267 948 1330 circa
982 1263 1066 1354 quae
1100 1268 1176 1332 dum

17 1388 94 1434 tras
148 1367 296 1434 lacerent
313 1350 318 1362 ’
334 1369 497 1452 peregrini
504 1413 526 1451 „
543 1372 693 1432 commoti
724 1379 800 1434 suut
839 1371 967 1454 Mauri,
995 1381 1028 1437 et
1056 1372 1176 1456 jnnues

17 1475 101 1558 npli
131 1480 372 1538 concusserunt
394 1473 530 1554 fortiter,
545 1472 627 1536 adeo
650 1473 744 1556 quod
759 1473 910 1538 cardines
931 1475 1120 1562 stridebant,
1142 1486 1177 1544 et

17 1579 209 1664 rribilibns
238 1577 431 1640 clamoribus
454 1577 678 1641 discurrebant
697 1598 757 1662 per
777 1579 848 1644 locu
868 1589 1003 1663 sancta,
1025 1591 1058 1644 et
1078 1601 1177 1667 pere-

17 1686 102 1748 inos
133 1685 172 1746 vi
205 1663 245 1744 ab
280 1683 329 1748 eis
356 1679 574 1766 repellebant,
603 1691 696 1746 extre
728 1684 901 1749 ecclesium
922 1684 1093 1768 ejiciebant
1114 1706 1175 1754 nos

17 1807 129 1872 unes,
165 1785 281 1850 demtis
311 1786 476 1852 consuetis
511 1786 700 1851 custodibus
724 1789 832 1852 sancti
849 1789 1026 1872 sepulchri.
1069 1791 1175 1859 Nobis

17 1903 102 1956 rtem
131 1889 248 1972 ejectis
270 1891 456 1956 clauserunt
478 1889 594 1983 valvas
617 1891 798 1974 eeclesiae,
821 1900 854 1952 et
876 1893 1040 1978 abierunt,
1061 1915 1121 1960 nos
1141 1898 1176 1960 iu

17 2001 69 2062 rio
109 1997 349 2082 relinquentes.
401 1996 450 2058 lbi
489 1994 606 2058 iterum
641 1994 683 2057 ad
717 1997 939 2058 visitationem
974 1999 1176 2082 quorundum

19 2121 146 2168 corum
166 2110 351 2166 sanctorum
370 2092 497 2196 templo
520 2099 761 2164 cohaerentium
789 2118 850 2164 uos
871 2100 1102 2173 ordinavimus.

17 2352 57 2427 te
87 2296 197 2442 loeo,
213 2347 343 2447 inquo
367 2344 490 2422 Meris
513 2347 634 2447 Virgo
656 2355 698 2423 ot
720 2345 911 2424 Johennes
932 2287 1176 2449 Evangelista

61 2467 210 2545 stabant
231 2468 298 2544 snb
322 2487 432 2544 cruce
452 2467 567 2559 desu,
596 2465 742 2568 quando
769 2491 837 2546 eos
859 2468 928 2547 sibi
950 2467 1107 2547 invicem

447 2587 720 2684 commendavit.

87 2772 196 2836 Primo
224 2788 304 2854 ergo
323 2769 366 2834 de
386 2771 470 2838 ostia
501 2771 665 2836 ecclesiae
695 2768 929 2834 declinavimus
950 2769 1174 2856 addemnatur,

17 2884 39 2936 >t
60 2877 107 2940 ibi
124 2876 167 2940 ad
186 2873 312 2940 mamm
330 2875 441 2958 templi
461 2883 513 2940 est
536 2874 717 2940 adscensus
738 2893 797 2958 per
814 2873 938 2958 gradum
967 2877 1113 2959 lapideos
1132 2877 1174 2941 ad

17 2986 150 3044 nontam
162 2981 344 3064 estuantis,
362 2989 393 3046 et
415 2981 501 3046 otton
512 2997 613 3063 suprs
632 2979 753 3063 gratim
775 2989 844 3044 eret
865 2982 993 3065 ostium,
1008 3001 1068 3064 per
1087 2981 1174 3068 quod

17 3085 180 3148 introibunt
199 3084 239 3148 ud
266 3085 434 3168 scopulum
457 3085 651 3168 Oslverise,
678 3085 766 3169 quod
794 3089 912 3150 ostium
936 3086 1004 3169 jum
1033 3096 1084 3150 est
1115 3107 1174 3171 per

17 3185 203 3256 Saracenos
224 3191 436 3256 obstructum.
479 3189 642 3254 subistis
662 3200 769 3254 eutem
799 3191 954 3274 gradibus
972 3201 1023 3256 est
1044 3193 1174 3274 ostium,

17 3311 69 3373 per
84 3296 241 3382 quodem
257 3296 414 3362 introitus
434 3297 467 3360 in
489 3313 586 3358 usum
604 3295 778 3379 sepultum,
792 3313 877 3379 quae
896 3305 949 3360 est
970 3297 1057 3358 intra
1078 3303 1175 3379 septa

17 3394 166 3460 ecclesus
184 3401 292 3462 necti
313 3400 486 3483 sepulchri,
500 3401 540 3465 ab
554 3401 643 3464 intus
664 3410 772 3465 temon
787 3408 840 3462 est
859 3418 950 3462 muro
967 3399 1173 3483 circumdata,

17 3499 95 3578 quod
115 3519 205 3564 camo
227 3504 267 3566 ub
291 3505 378 3572 intra
396 3523 468 3567 amn
488 3505 619 3588 ingredi
635 3515 756 3588 potest,
782 3506 859 3588 quia
880 3503 1054 3566 Sarraceni
1077 3505 1173 3570 stiam

19 3600 85 3680 ejus
101 3606 230 3671 interius
251 3609 370 3677 ostium
383 3611 621 3674 obstruxerunt.
644 3611 742 3673 Etim
763 3611 827 3672 ista
848 3607 978 3691 capelle
997 3617 1050 3672 est
1071 3610 1173 3694 locus,

19 3706 49 3766 iu
70 3725 129 3789 quo
146 3711 335 3778 beatissima
342 3715 446 3798 Virgo
456 3715 564 3778 ntum
585 3725 618 3778 et
637 3715 947 3778 sunctusJohanues
959 3715 1174 3799 Evangelista

22 3817 165 3876 steterunt
187 3817 246 3879 suh
267 3835 373 3903 cruce,
395 3819 436 3884 ad
457 3819 599 3884 radicem
622 3820 749 3902 scopuli
760 3819 941 3901 Calcariae,
963 3822 1094 3905 quando
1115 3839 1173 3886 eos

24 3913 124 3979 ambos
151 3917 231 3982 vidit
254 3920 412 3988 Dominus
433 3925 557 4008 Jesus,
578 3932 611 3986 et
639 3925 823 3988 Johanuem
845 3927 953 4009 matri,
984 3935 1019 3990 et
1039 3935 1173 3990 matrem

26 4013 162 4106 discipulo
181 4027 428 4092 commendavit.
470 4032 509 4092 In
529 4031 592 4094 hee
612 4039 726 4094 sancto
759 4031 830 4096 loco
850 4031 1065 4116 procidimus,
1087 4038 1118 4094 et
1141 4032 1174 4090 tn

28 4127 97 4188 tenu
116 4133 259 4211 prostrati
278 4133 498 4217 indulgentias
518 4135 705 4218 accepimus
727 4139 793 4220 (ἦ).
