2736 4768
669 131 712 200 tta

111 347 223 398 omnes
257 327 361 391 cibum
392 331 425 385 et
443 331 552 404 potum
585 330 716 403 propter
747 316 903 382 stomachi
935 314 1191 378 subversionem
1239 317 1286 379 Et

111 438 215 523 siquis
247 436 349 497 etiam
377 426 497 512 omniu
525 428 771 510 marrereosset,
805 425 940 489 tumre
976 431 1185 507 tempestate,
1216 442 1287 489 uon

111 542 313 621 retinuisset,
335 533 398 598 sed·
415 553 491 599 mox
511 533 704 596 vomitando
722 532 886 614 ejecisset.
936 527 1135 595 Nilrilmim
1166 529 1286 592 malins

109 651 143 710 in
165 638 428 727 tempestatibus,
450 636 861 723 quammozstomaobo
882 651 1030 698 maneres
1048 635 1102 696 Etr
1114 643 1289 717 praeterea

110 752 215 814 umoris
236 748 330 832 panis
349 753 461 811 aester
481 753 651 826 corruptus
673 754 705 806 et
727 742 851 808 inutilis
868 741 979 818 tactus
1004 739 1075 824 fuit,
1095 757 1162 822 pes
1175 739 1287 806 salat!

110 859 214 928 maris
231 863 345 938 aquas,
363 853 463 928 eeira
476 851 678 932 cogebamur
691 840 853 931 jejunaret
871 846 986 908 Altera
1000 845 1288 929 &processimus

111 963 308 1030 dimittentes
329 957 511 1040 liqusium
530 956 696 1018 civitatem
726 955 768 1017 ad
788 953 963 1035 'dextram,
978 961 1028 1013 eet
1049 951 1222 1014 Corculum
1244 949 1287 1011 ad

110 1067 288 1146 sinistram,
310 1072 344 1125 et
372 1063 521 1125 venimus
543 1061 717 1122 baesinam
747 1062 781 1121 in
801 1061 992 1130 voiv‘aatenr:
1010 1075 1117 1141 quam
1141 1055 1288 1138 ingressi

111 1172 224 1240 reiecti
242 1185 369 1251 sumus,
390 1178 463 1232 etat
476 1167 644 1249 vertigine
663 1165 778 1247 oapffis
799 1165 933 1227 liberati.
969 1163 1153 1247 Mmsipus
1175 1169 1286 1222 antem

110 1277 273 1340 Laesiuae
293 1274 396 1340 tribus
418 1272 542 1353 durna,
559 1273 635 1355 qnia
656 1271 787 1354 mapimi
807 1271 898 1335 venti
914 1270 1055 1332 inmari
1076 1275 1178 1350 eraut,
1202 1283 1288 1349 quos

109 1381 316 1460 timebamus,
343 1377 492 1460 quamvis
507 1395 579 1457 pre
604 1377 712 1456 nolis·
728 1369 885 1442 luissent:
920 1383 953 1436 et
976 1375 1073 1438 etiam
1095 1372 1288 1438 mensi-as

109 1494 242 1569 propter
263 1483 413 1546 dominae
434 1483 644 1564 praegnantis
666 1489 699 1543 et
719 1479 878 1562 &audac
901 1477 1178 1559 reioclllationem,
1201 1493 1289 1558 qtrae

108 1590 208 1654 valde
230 1588 388 1651 fuerat·in
404 1586 482 1648 illis·
504 1576 752 1667 iempostatibns
778 1585 955 1668 infirmata,
987 1587 1102 1648 mirum
1125 1591 1190 1644 est-
1198 1577 1288 1664 quod

111 1713 179 1761 nu
198 1695 259 1756 suit
278 1698 407 1753 mortua·
423 1688 518 1764 simul
540 1707 613 1752 oum
636 1691 723 1753 ioetn
743 1694 777 1754 iu
804 1691 908 1754 taulis
927 1691 1114 1754 teneriora
1143 1685 1288 1750 'Deinde

61 1789 66 1799 ’
111 1799 153 1862 de
172 1799 296 1861 Iresina
314 1796 544 1877 navigavimus
569 1798 748 1880 cambono
768 1804 878 1860 vento.
934 1845 935 1851 κ

173 1903 261 1966 'Soti
287 1909 383 1964 nacte
410 1899 476 1982 jam
495 1900 670 1984 incipiente
689 1903 890 1968 carriortatus
903 1911 962 1965 est
984 1910 1104 1965 vastus
1134 1909 1171 1964 et
1187 1899 1286 1964 nimis

109 2010 266 2090 invaluit,
308 2005 508 2089 projecitque
541 2025 602 2070 nos
629 2009 680 2070 -in
714 2009 866 2092 eurippos
908 2006 949 2070 ad
984 2008 1057 2070 loca
1094 2007 1286 2088 asperrima,

111 2114 256 2196 scopulis
301 2119 335 2174 et
383 2111 661 2194 rupibus··plerra
673 2156 684 2195 ,
718 2114 751 2174 in
794 2113 932 2196 qrribas·
950 2131 1014 2174 non
1062 2119 1171 2200 potest
1214 2110 1286 2172 ilari

111 2216 475 2298 noemmanavigotio.
512 2217 738 2299 Applicuimas
758 2227 865 2280 aut-em
888 2217 945 2280 ad·
959 2215 1087 2280 radices
1109 2215 1286 2297 cujusdam

112 2323 276 2407 scopulosi
313 2322 430 2384 montis
459 2329 498 2384 aa
520 2322 628 2384 bolide
661 2323 764 2405 ejecto
798 2321 930 2386 fundum
970 2321 1214 2403 quaesivimus,
1244 2320 1284 2386 all

112 2426 404 2492 stabiliendorum
424 2443 553 2510 navem,
575 2429 652 2512 quia
671 2430 824 2494 tenebrae
844 2400 962 2492 subito.
980 2445 1041 2491 uos
1061 2443 1286 2509 praeoccupa-

112 2543 238 2617 verant,
252 2532 344 2618 ¹quoti
367 2549 431 2593 non
452 2541 638 2613 poteramus
658 2533 747 2602 aare
781 2534 920 2618 aliquem
947 2540 1075 2617 portum
1107 2533 1283 2614 signatum,

112 2659 174 2704 neo
195 2640 335 2707 ulterius
352 2636 538 2717 procedere.
582 2637 729 2720 Cumque
748 2637 815 2719 jam
837 2654 938 2722 prope
963 2646 1104 2702 montem
1124 2652 1284 2717 ⁸essemus

113 2753 145 2806 et
174 2743 309 2806 Goliam
330 2751 459 2804 vortere
481 2752 683 2825 conarentur,
705 2761 781 2805 mox
802 2735 1002 2805 violeraira
1023 2752 1122 2806 vento
1135 2739 1284 2826 'impulsa

113 2857 146 2912 et
167 2847 317 2915 fluctibus
348 2856 435 2908 meta
461 2849 781 2930 importune.glrare
813 2847 919 2928 cepit,
952 2855 985 2940 et
1007 2837 1188 2910 mutabatur
1208 2868 1282 2914 oum

114 2969 225 3036 prora*
239 2953 272 3013 in
300 2959 412 3014 cautes
441 2959 473 3013 ot
510 2953 661 3034 soopnlas
695 2953 814 3029 montis
841 2951 1003 3035 incidere,
1034 2961 1067 3015 et
1095 2955 1145 3017 sic
1179 2956 1283 3020 Galea

115 3059 242 3140 dirupta
264 3055 391 3124 missa.
412 3059 450 3119 ln
472 3059 545 3140 ipsa
560 3067 667 3120 autem
690 3059 785 3120 navls
811 3040 982 3140 gyiatione
1004 3057 1122 3124 Galioti
1150 3064 1282 3143 pericu-

113 3162 179 3226 lum
199 3169 436 3244 cognoscemus
447 3162 588 3229 horribili
597 3163 872 3228 elamoreeeehnn
884 3163 1060 3246 implebant
1071 3169 1103 3222 ot
1116 3161 1282 3225 discurre-

112 3270 201 3351 baat,
224 3285 326 3350 seque
347 3266 388 3329 ad
410 3270 598 3331 evasionem
621 3269 843 3350 disponebant.
887 3268 1104 3331 Interea-alno
1126 3267 1280 3349 Episcopi

112 3381 145 3434 et
165 3390 225 3435 nos
245 3391 318 3436 cum
338 3371 405 3434 illis
434 3372 571 3436 inferius
601 3387 728 3456 emmas
739 3419 749 3456 ,
782 3383 817 3436 et
845 3373 954 3436 famuli
983 3374 1218 3454 Episcopomm
1238 3371 1280 3434 ad

112 3478 256 3540 foramen
269 3466 413 3538 ¹cai-inae
443 3479 633 3561 cernebant,
655 3481 710 3561 qui
732 3489 822 3541 erant
845 3479 1014 3561 superius,
1043 3495 1082 3538 ac
1111 3475 1280 3559 desperate

113 3581 307 3644 clamabant:
330 3579 490 3644 Odomini
512 3584 624 3646 venite
645 3601 783 3668 sarsum,
800 3585 895 3650 navis
917 3580 1094 3667 rumpentia
1105 3589 1278 3662 mergetur.

112 3685 167 3746 Ad
188 3684 275 3746 hunc
305 3685 478 3771 clamorem
499 3687 655 3771 Episcopi
681 3707 757 3752 cum
778 3691 848 3752 suis
878 3679 1076 3752 tumultuose
1099 3695 1279 3768 surgentes

64 3776 68 3784 ’
112 3790 338 3854 ascenderunt.
361 3788 517 3855 Similiter
538 3801 572 3854 et
593 3792 647 3854 alii
665 3793 822 3876 i'eoernnt,
841 3801 873 3854 ot
895 3794 984 3856 iacta
1001 3793 1061 3854 solt
1082 3789 1277 3872 compressio

83 3909 89 3919 ·
111 3895 184 3976 (ll)
218 3914 335 3977 magna
361 3896 395 3957 in
424 3897 523 3958 scalis
544 3905 582 3962 et
609 3915 725 3960 cursus
746 3899 900 3964 mirabills
918 3897 1063 3961 omniurn
1084 3894 1125 3959 ad
1145 3895 1278 3978 puppim

113 4000 343 4081 festinantium,
364 4008 401 4062 ut
421 4001 455 4062 in
474 4003 615 4082 scaphas
637 4000 761 4083 ejectas
790 4002 953 4064 saltarent.
987 4001 1085 4064 Servi
1105 4009 1137 4063 et
1158 3997 1274 4062 domiui

113 4103 242 4166 Patroni
264 4122 337 4173 cum
358 4103 475 4185 gladiis
496 4105 653 4180 arsamis
680 4107 809 4170 funibus
832 4106 1024 4188 soapbarum
1062 4107 1097 4169 in
1118 4104 1199 4168 mari
1220 4122 1275 4169 eas

111 4207 229 4272 cadere
248 4209 481 4290 permiserant,
507 4217 544 4272 ut
574 4209 717 4292 puiculo
751 4210 983 4274 submersionis
1027 4211 1170 4274 instante
1205 4209 1273 4294 ipse
