2640 4792
588 169 653 238 tta

19 353 130 418 iarn
151 371 213 418 uos
235 352 278 418 ad
297 350 531 437 quiescendum
552 353 727 438 paululum,
743 361 778 416 et
799 352 962 439 usquead
982 351 1102 418 claram
1123 352 1207 420 diem

11 459 262 543 manavimus,
280 458 429 540 jacentes
451 461 546 543 juxte
571 458 849 543 batinanastras
868 461 902 522 in
925 469 1021 526 terra.

114 562 287 628 Vicesima
307 573 411 647 sexta,
441 575 530 649 'quae
551 573 602 628 est
624 564 818 629 Sanctorum
840 565 1031 648 Martyrum·
1045 563 1207 628 Jobannis

1 677 28 730 t
65 669 196 753 Pauli,
218 669 292 738 dum
311 663 581 754 surrexissemus,
605 661 799 754 rogavimus
825 668 988 738 Graecum
1009 669 1109 753 illum,
1131 677 1207 733 ante

39 774 124 855 jus
150 775 277 840 domum
298 777 489 858 quievimus,
503 783 540 838 ut
561 774 602 838 de
616 774 700 840 bono
722 775 863 868 prandio
883 776 1206 860 nobisprovisionem

6 904 14 929 2
33 889 172 962 cerel,
195 877 300 962 qula'
287 880 390 962 jejuni
411 863 571 973 vellemus
592 879 634 942 de
655 887 783 944 monte
797 879 840 943 ad
868 899 942 943 eum
963 882 1092 945 reverti.
1133 878 1206 942 As-

9 985 141 1046 ensis
163 983 240 1068 ergo
262 987 376 1070 bestiis
404 965 653 1074 processimus,
661 995 803 1048 montem
824 991 999 1050 sanctum
997 977 1078 1069 prae
1102 984 1205 1048 oculis

15 1092 222 1174 abninus,
242 1092 412 1157 horrentes
433 1087 668 1174 quodammodo
689 1088 780 1170 ejus.
783 1089 1019 1153 celsitudinem.
1064 1091 1101 1151 ln
1122 1086 1206 1172 pede

15 1205 141 1258 utem
161 1183 405 1285 ipsius'montis
425 1189 576 1258 venimus
597 1195 631 1266 in
655 1193 786 1282 vallem,
805 1195 1013 1276 deliciosam,
1034 1212 1093 1276 per
1112 1193 1205 1275 cujus

1 1351 3 1361 ι
39 1301 174 1364 edium
195 1299 386 1364 decurrebat
407 1319 492 1384 aqua
520 1299 617 1383 clara,
639 1298 754 1374 dulcis'
778 1309 811 1362 et
844 1290 940 1382 live,
976 1298 1069 1380 cujus
1090 1299 1205 1363 alveus

0 1416 8 1430 ¹
26 1407 167 1470 oribus
187 1405 411 1488 pulcherrimis
426 1406 524 1494 'nobis
540 1406 736 1488 incolrgnitis
757 1413 789 1467 at
811 1405 964 1489 virgultis
986 1403 1205 1467 redolentibus

5 1520 97 1574 rat
124 1509 253 1593 plenus.
293 1511 416 1573 Multae
436 1511 535 1573 etiam
563 1512 694 1574 arbores
716 1511 831 1594 plenae
858 1511 968 1574 corobi
987 1509 1036 1572 ibi
1062 1508 1203 1597 stabant,

6 1615 118 1680 ruod
142 1601 329 1681 saeculares
357 1615 522 1678 nominant
550 1635 677 1700 ,panem
709 1615 824 1679 Sancti
835 1615 1020 1699 ‚Joh'annis3
1042 1635 1100 1699 per
1120 1605 1205 1680 banc

34 1721 152 1786 allam
177 1720 435 1784 ascorrdimus'in
456 1738 585 1805 magno-
604 1722 796 1806 κωφὴ*
810 1718 900 1806 ,q'uia
928 1722 997 1805 sol,
1030 1721 1107 1785 licet
1132 1721 1202 1786 suis

1 1827 199 1889 ardoribus
223 1825 290 1908 jam
315 1809 452 1889 mordes'
469 1827 509 1905 in
535 1827 673 1890 circuitu
691 1825 910 1909 incenderet,
942 1845 1005 1889 nos
1033 1835 1140 1889 tamen
1168 1826 1202 1888 in

4 1932 132 1996 valle
151 1929 293 1996 noudum
324 1938 459 2013 tangere
490 1939 626 2013 poterat.
639 1928 659 1974 ‘⁵
687 1930 836 1994 'landem
872 1938 981 1994 autem
1009 1929 1051 2013 ad
1082 1931 1202 1995 clivum

5 2037 239 2126 praecipitem
259 2036 377 2109 moritis
399 2019 606 2116 devenimus,
634 2053 693 2117 per
715 2035 804 2126 quod
824 2036 858 2096 in
879 2035 996 2098 bestiis
1025 2035 1203 2100 ascendere

10 2150 171 2206 montem
192 2160 256 2204 non
278 2147 479 2223 poteramus,
503 2149 534 2202 el
553 2139 627 2202 ideo
646 2140 773 2204 bestias
795 2141 964 2204 arboribus
986 2139 1202 2226 alligavimus,

13 2258 58 2310 et
81 2244 222 2330 pedibus
243 2252 449 2311 transeuntes
468 2243 675 2308 ascendimus
689 2261 764 2307 cnm
783 2245 900 2328 grandi
918 2227 1075 2308 labore'et
1092 2245 1202 2308 multis

14 2350 216 2416 sudoribus.
238 2339 404 2412 ostentm
420 2367 513 2413 mons
535 2348 622 2428 altus
641 2356 675 2411 et
695 2351 905 2432 praecipitem
925 2348 1050 2412 habens
1072 2350 1202 2428 clivum,

18 2467 62 2520 et
88 2473 147 2538 per
168 2455 277 2517 omnia
298 2453 414 2516 dicitur
427 2471 508 2522 esse.
523 2452 756 2516 similismonti
769 2454 897 2516 Thabor
920 2456 954 2516 in
972 2463 1059 2522 terra
1079 2463 1203 2536 sancta,

19 2565 64 2626 in
88 2579 152 2644 quo
172 2559 332 2638 Dominus
354 2543 700 2642 transfiguratns'lbit3
722 2557 920 2622 hoc'aodivi
943 2577 963 2622 a
984 2557 1132 2642 quodam,
1148 2560 1203 2643 qul

21 2676 212 2748 utrumque
234 2664 392 2734 ascendit
435 2663 584 2746 Cumque
616 2665 836 2727 summitatem
866 2661 937 2744 ejus
970 2663 1203 2752 attigissemus,

27 2781 110 2837 ante
132 2765 303 2834 ecclesiam
335 2770 568 2862 prostravimus
597 2787 658 2832 nos
684 2771 720 2831 in
743 2769 904 2851 oratione,
933 2777 966 2835 et
998 2769 1204 2833 consedimus

28 2877 76 2942 ad
130 2896 286 2957 auram,
308 2884 517 2967 antequam
532 2873 704 2938 ecclesiam
745 2873 883 2957 ingredi
943 2855 1140 2959 vellemus,
1167 2883 1204 2938 ut

30 2982 181 3065 spiritum
211 2995 465 3062 resonaremus,
507 2988 541 3043 et
572 2978 733 3062 sudores,
774 2982 897 3063 quibus
931 2980 1020 3064 pleni
1055 2991 1202 3064 eramus,

32 3097 293 3170 extergentem,
325 3093 356 3146 et
375 3084 528 3151 incensio¹
551 3091 662 3160 nostra
694 3091 885 3167 tepesceret.
930 3083 1005 3164 Quo
1033 3085 1118 3149 lacto
1141 3102 1203 3168 ego

34 3192 170 3258 celerius
199 3210 251 3254 me
284 3189 480 3274 expediens,
514 3195 551 3251 ut
583 3189 703 3252 decens
728 3189 819 3274 inuit,
859 3190 1030 3254 ecclesiam
1070 3191 1204 3270 intravi,

35 3308 72 3363 et
105 3316 286 3380 campanam
320 3299 365 3360 ibi
405 3295 601 3380 pendentem
634 3293 793 3377 pulsavi,
815 3284 858 3356 ut'
886 3295 1037 3357 aedituus
1070 3291 1205 3354 audiens

38 3403 208 3466 adveniret.
253 3401 372 3474 Statim
393 3401 485 3462 venit
513 3415 598 3460 nnus
621 3397 769 3460 ¹clericus
800 3398 919 3461 latinae
946 3398 1078 3477 linguae
1109 3397 1205 3478 igna-

39 3526 107 3591 rus,
142 3513 177 3570 et
210 3491 347 3588 protulit
383 3504 483 3566 libros
506 3497 760 3594 vetustissimos
795 3499 872 3582 (87
889 3499 942 3582 Δ)
982 3500 1099 3566 latinos
1130 3518 1203 3564 cnm

40 3613 109 3676 aliis
128 3610 326 3694 paramentis
341 3606 538 3670 edidissem.
565 3604 830 3688 compulsatione
844 3612 951 3670 autem
970 3605 1055 3671 facta
1067 3606 1203 3672 Missam

40 3717 103 3798 legi
124 3713 163 3776 de
183 3718 297 3789 sancta
318 3730 431 3796 cruce,
454 3718 489 3774 et
510 3709 664 3776 collectas
682 3712 790 3793 recepi
813 3710 854 3779 de
869 3713 995 3778 sanctis
1008 3711 1204 3795 martyribus

42 3821 184 3886 debanna
205 3822 240 3886 et
258 3813 370 3901 Paulo,
393 3816 486 3879 etde
506 3818 580 3908 iter.
592 3816 775 3900 agentibus.
797 3815 909 3880 llinita
927 3816 1033 3880 Missa
1053 3815 1138 3881 verti
1152 3835 1205 3879 me

45 3923 204 3989 adsocies
226 3928 261 3985 et
281 3922 398 3986 fratres
420 3939 519 4007 meos,
533 3928 567 3984 et
588 3921 845 3986 exhortationem
867 3923 917 3991 eis
938 3921 1012 4008 feci,
1031 3941 1091 4004 pro
1108 3919 1204 4004 digna

47 4040 77 4094 et
95 4029 196 4092 debita
217 4029 427 4092 veneratione
458 4028 581 4112 cuncis,
608 4035 641 4090 et
664 4028 731 4092 dixi
752 4027 964 4095 differentiam
988 4026 1076 4091 illius
1097 4025 1204 4088 crucis

49 4135 130 4198 nobis
151 4135 372 4200 ostendendae
393 4141 544 4219 respectu
561 4135 740 4216 dominicae
761 4135 925 4220 crucis,et
946 4129 1202 4198 convenientiam

52 4258 146 4304 earum
181 4240 216 4304 in
257 4240 373 4326 aliquo.
433 4242 596 4308 Hortatus
634 4243 731 4306 ctiam
750 4257 753 4266 ’
771 4240 838 4324 sui,
873 4258 916 4302 ne
950 4237 1046 4304 nimis
1085 4228 1205 4294 curiosi
