<?xml version="1.0" encoding="UTF-8"?>
<!DOCTYPE html PUBLIC "-//W3C//DTD XHTML 1.0 Transitional//EN"
    "http://www.w3.org/TR/xhtml1/DTD/xhtml1-transitional.dtd">
<html xmlns="http://www.w3.org/1999/xhtml" xml:lang="en" lang="en">
 <head>
  <title>
</title>
<meta http-equiv="Content-Type" content="text/html;charset=utf-8" />
  <meta name='ocr-system' content='tesseract 3.04.00' />
  <meta name='ocr-capabilities' content='ocr_page ocr_carea ocr_par ocr_line ocrx_word'/>
</head>
<body>
  <div class='ocr_page' id='page_1' title='image "./fratrisfelicisf01fabrgoog_0309.png"; bbox 0 0 2608 4842; ppageno 0'>
   <div class='ocr_carea' id='block_1_1' title="bbox 712 105 779 180">
    <p class='ocr_par' dir='ltr' id='par_1_1' title="bbox 712 105 779 180">
     <span class='ocr_line' id='line_1_1' title="bbox 712 105 779 180; baseline 0 0"><span class='ocrx_word' id='word_1_1' title='bbox 712 105 779 180; x_wconf 71' lang='lat'><strong>2⁰⁰</strong></span> 
     </span>
    </p>
   </div>
   <div class='ocr_carea' id='block_1_2' title="bbox 162 291 1264 524">
    <p class='ocr_par' dir='ltr' id='par_1_2' title="bbox 162 291 1264 524">
     <span class='ocr_line' id='line_1_2' title="bbox 162 291 1259 400; baseline -0.013 -18"><span class='ocrx_word' id='word_1_2' title='bbox 162 301 533 394; x_wconf 62' lang='lat' dir='ltr'><strong>helmonensis,</strong></span> <span class='ocrx_word' id='word_1_3' title='bbox 566 301 734 399; x_wconf 87' lang='lat' dir='ltr'><strong>quierat</strong></span> <span class='ocrx_word' id='word_1_4' title='bbox 762 305 874 400; x_wconf 84' lang='lat' dir='ltr'><strong>juxta</strong></span> <span class='ocrx_word' id='word_1_5' title='bbox 909 298 1148 400; x_wconf 82' lang='lat' dir='ltr'><strong>scopulum</strong></span> <span class='ocrx_word' id='word_1_6' title='bbox 1179 291 1259 371; x_wconf 79' lang='lat' dir='ltr'><strong>Cela</strong></span> 
     </span>
     <span class='ocr_line' id='line_1_3' title="bbox 256 417 1264 524; baseline -0.01 -24"><span class='ocrx_word' id='word_1_7' title='bbox 256 424 293 500; x_wconf 94' lang='lat' dir='ltr'><strong>in</strong></span> <span class='ocrx_word' id='word_1_8' title='bbox 318 445 389 522; x_wconf 93' lang='lat' dir='ltr'><strong>quo</strong></span> <span class='ocrx_word' id='word_1_9' title='bbox 415 420 586 501; x_wconf 73' lang='lat' dir='ltr'><strong>Christus</strong></span> <span class='ocrx_word' id='word_1_10' title='bbox 610 435 697 524; x_wconf 89' lang='lat' dir='ltr'><strong>post</strong></span> <span class='ocrx_word' id='word_1_11' title='bbox 722 421 972 498; x_wconf 83' lang='lat' dir='ltr'>eductionem</span> <span class='ocrx_word' id='word_1_12' title='bbox 1004 417 1093 495; x_wconf 91' lang='lat' dir='ltr'><strong>fnit</strong></span> <span class='ocrx_word' id='word_1_13' title='bbox 1113 417 1264 494; x_wconf 86' lang='lat' dir='ltr'><strong>inclusus</strong></span> 
     </span>
    </p>
   </div>
   <div class='ocr_carea' id='block_1_3' title="bbox 160 603 1280 3102">
    <p class='ocr_par' dir='ltr' id='par_1_3' title="bbox 160 603 1280 2475">
     <span class='ocr_line' id='line_1_4' title="bbox 246 603 1271 688; baseline -0.01 -20"><span class='ocrx_word' id='word_1_14' title='bbox 246 605 319 668; x_wconf 88' lang='lat' dir='ltr'><strong>Hoc</strong></span> <span class='ocrx_word' id='word_1_15' title='bbox 340 605 413 669; x_wconf 93' lang='lat' dir='ltr'><strong>loco</strong></span> <span class='ocrx_word' id='word_1_16' title='bbox 435 603 590 667; x_wconf 88' lang='lat' dir='ltr'><strong>derelicto</strong></span> <span class='ocrx_word' id='word_1_17' title='bbox 613 614 850 688; x_wconf 89' lang='lat' dir='ltr'><strong>consequenter</strong></span> <span class='ocrx_word' id='word_1_18' title='bbox 871 623 960 666; x_wconf 90' lang='lat' dir='ltr'><strong>cum</strong></span> <span class='ocrx_word' id='word_1_19' title='bbox 981 605 1107 666; x_wconf 87' lang='lat' dir='ltr'><strong>cantu</strong></span> <span class='ocrx_word' id='word_1_20' title='bbox 1132 608 1167 661; x_wconf 93' lang='lat' dir='ltr'><strong>et</strong></span> <span class='ocrx_word' id='word_1_21' title='bbox 1179 616 1271 682; x_wconf 81' lang='lat' dir='ltr'><strong>proces</strong></span> 
     </span>
     <span class='ocr_line' id='line_1_5' title="bbox 161 703 1274 794; baseline -0.011 -20"><span class='ocrx_word' id='word_1_22' title='bbox 161 709 388 794; x_wconf 72' lang='lat' dir='ltr'><strong>transivimus,</strong></span> <span class='ocrx_word' id='word_1_23' title='bbox 412 718 444 772; x_wconf 92' lang='lat' dir='ltr'><strong>et</strong></span> <span class='ocrx_word' id='word_1_24' title='bbox 474 707 635 794; x_wconf 89' lang='lat' dir='ltr'><strong>quandam</strong></span> <span class='ocrx_word' id='word_1_25' title='bbox 665 711 835 772; x_wconf 82' lang='lat' dir='ltr'><strong>obscuram</strong></span> <span class='ocrx_word' id='word_1_26' title='bbox 859 709 1053 793; x_wconf 83' lang='lat' dir='ltr'><strong>capellam</strong></span> <span class='ocrx_word' id='word_1_27' title='bbox 1093 703 1236 787; x_wconf 80' lang='lat' dir='ltr'><strong>ingressi</strong></span> <span class='ocrx_word' id='word_1_28' title='bbox 1252 720 1274 762; x_wconf 87' lang='lat' dir='ltr'><strong>sn</strong></span> 
     </span>
     <span class='ocr_line' id='line_1_6' title="bbox 162 811 1270 902; baseline -0.013 -20"><span class='ocrx_word' id='word_1_29' title='bbox 162 835 246 902; x_wconf 83' lang='lat' dir='ltr'><strong>quae</strong></span> <span class='ocrx_word' id='word_1_30' title='bbox 269 825 338 878; x_wconf 86' lang='lat' dir='ltr'><strong>erat</strong></span> <span class='ocrx_word' id='word_1_31' title='bbox 366 815 399 878; x_wconf 92' lang='lat' dir='ltr'><strong>in</strong></span> <span class='ocrx_word' id='word_1_32' title='bbox 429 825 522 898; x_wconf 88' lang='lat' dir='ltr'><strong>petra</strong></span> <span class='ocrx_word' id='word_1_33' title='bbox 543 815 672 897; x_wconf 88' lang='lat' dir='ltr'><strong>excisa,</strong></span> <span class='ocrx_word' id='word_1_34' title='bbox 701 824 734 876; x_wconf 91' lang='lat' dir='ltr'><strong>et</strong></span> <span class='ocrx_word' id='word_1_35' title='bbox 755 815 875 877; x_wconf 88' lang='lat' dir='ltr'><strong>nullam</strong></span> <span class='ocrx_word' id='word_1_36' title='bbox 906 813 1054 878; x_wconf 85' lang='lat' dir='ltr'><strong>habuit</strong></span> <span class='ocrx_word' id='word_1_37' title='bbox 1092 811 1270 888; x_wconf 75' lang='lat' dir='ltr'><strong>fenestram,</strong></span> 
     </span>
     <span class='ocr_line' id='line_1_7' title="bbox 161 913 1278 998; baseline -0.012 -13"><span class='ocrx_word' id='word_1_38' title='bbox 161 941 259 985; x_wconf 87' lang='lat' dir='ltr'><strong>unum</strong></span> <span class='ocrx_word' id='word_1_39' title='bbox 279 923 312 985; x_wconf 93' lang='lat' dir='ltr'><strong>in</strong></span> <span class='ocrx_word' id='word_1_40' title='bbox 337 940 377 983; x_wconf 91' lang='lat' dir='ltr'><strong>ea</strong></span> <span class='ocrx_word' id='word_1_41' title='bbox 397 921 486 983; x_wconf 89' lang='lat' dir='ltr'><strong>stetit</strong></span> <span class='ocrx_word' id='word_1_42' title='bbox 504 920 607 981; x_wconf 89' lang='lat' dir='ltr'><strong>altare</strong></span> <span class='ocrx_word' id='word_1_43' title='bbox 628 926 663 983; x_wconf 89' lang='lat' dir='ltr'><strong>et</strong></span> <span class='ocrx_word' id='word_1_44' title='bbox 684 919 747 983; x_wconf 93' lang='lat' dir='ltr'><strong>duo</strong></span> <span class='ocrx_word' id='word_1_45' title='bbox 764 919 891 987; x_wconf 89' lang='lat' dir='ltr'><strong>ostiola.</strong></span> <span class='ocrx_word' id='word_1_46' title='bbox 930 921 1060 980; x_wconf 84' lang='lat' dir='ltr'><strong>Haec</strong></span> <span class='ocrx_word' id='word_1_47' title='bbox 1086 913 1221 998; x_wconf 88' lang='lat' dir='ltr'><strong>capella</strong></span> <span class='ocrx_word' id='word_1_48' title='bbox 1237 921 1278 992; x_wconf 87' lang='lat' dir='ltr'><strong>ten</strong></span> 
     </span>
     <span class='ocr_line' id='line_1_8' title="bbox 161 1021 1280 1112; baseline -0.013 -22"><span class='ocrx_word' id='word_1_49' title='bbox 161 1027 325 1112; x_wconf 83' lang='lat' dir='ltr'><strong>passionis</strong></span> <span class='ocrx_word' id='word_1_50' title='bbox 348 1024 470 1089; x_wconf 76' lang='lat' dir='ltr'><strong>Christi</strong></span> <span class='ocrx_word' id='word_1_51' title='bbox 501 1024 560 1087; x_wconf 90' lang='lat' dir='ltr'><strong>fuit</strong></span> <span class='ocrx_word' id='word_1_52' title='bbox 582 1043 711 1110; x_wconf 90' lang='lat' dir='ltr'><strong>carcer,</strong></span> <span class='ocrx_word' id='word_1_53' title='bbox 744 1027 816 1087; x_wconf 88' lang='lat' dir='ltr'><strong>sive</strong></span> <span class='ocrx_word' id='word_1_54' title='bbox 837 1024 1084 1087; x_wconf 89' lang='lat' dir='ltr'><strong>inclusorium</strong></span> <span class='ocrx_word' id='word_1_55' title='bbox 1115 1021 1214 1104; x_wconf 85' lang='lat' dir='ltr'><strong>juxta</strong></span> <span class='ocrx_word' id='word_1_56' title='bbox 1238 1037 1280 1077; x_wconf 85' lang='lat' dir='ltr'><strong>nou</strong></span> 
     </span>
     <span class='ocr_line' id='line_1_9' title="bbox 163 1122 1280 1216; baseline -0.016 -18"><span class='ocrx_word' id='word_1_57' title='bbox 163 1133 351 1216; x_wconf 88' lang='lat' dir='ltr'><strong>Calvariae,</strong></span> <span class='ocrx_word' id='word_1_58' title='bbox 379 1129 420 1192; x_wconf 90' lang='lat' dir='ltr'><strong>ad</strong></span> <span class='ocrx_word' id='word_1_59' title='bbox 440 1131 502 1193; x_wconf 92' lang='lat' dir='ltr'><strong>hoc</strong></span> <span class='ocrx_word' id='word_1_60' title='bbox 524 1129 721 1213; x_wconf 87' lang='lat' dir='ltr'><strong>ordinatum,</strong></span> <span class='ocrx_word' id='word_1_61' title='bbox 749 1138 785 1192; x_wconf 93' lang='lat' dir='ltr'><strong>nt</strong></span> <span class='ocrx_word' id='word_1_62' title='bbox 806 1131 853 1192; x_wconf 93' lang='lat' dir='ltr'><strong>rei</strong></span> <span class='ocrx_word' id='word_1_63' title='bbox 875 1129 1001 1192; x_wconf 80' lang='lat' dir='ltr'><strong>educti</strong></span> <span class='ocrx_word' id='word_1_64' title='bbox 1034 1125 1087 1189; x_wconf 87' lang='lat' dir='ltr'><strong>ad</strong></span> <span class='ocrx_word' id='word_1_65' title='bbox 1125 1122 1280 1186; x_wconf 88' lang='lat' dir='ltr'><strong>mortemiu</strong></span> 
     </span>
     <span class='ocr_line' id='line_1_10' title="bbox 164 1236 1280 1319; baseline -0.015 -19"><span class='ocrx_word' id='word_1_66' title='bbox 164 1237 420 1318; x_wconf 83' lang='lat' dir='ltr'><strong>includerentur,</strong></span> <span class='ocrx_word' id='word_1_67' title='bbox 450 1254 620 1319; x_wconf 89' lang='lat' dir='ltr'><strong>quousque</strong></span> <span class='ocrx_word' id='word_1_68' title='bbox 641 1245 869 1298; x_wconf 90' lang='lat' dir='ltr'><strong>tormentorum</strong></span> <span class='ocrx_word' id='word_1_69' title='bbox 900 1236 1156 1298; x_wconf 85' lang='lat' dir='ltr'><strong>instrumente</strong></span> <span class='ocrx_word' id='word_1_70' title='bbox 1178 1245 1280 1312; x_wconf 85' lang='lat' dir='ltr'><strong>parann</strong></span> 
     </span>
     <span class='ocr_line' id='line_1_11' title="bbox 163 1331 1278 1429; baseline -0.015 -23"><span class='ocrx_word' id='word_1_71' title='bbox 163 1361 296 1426; x_wconf 89' lang='lat' dir='ltr'><strong>eruces,</strong></span> <span class='ocrx_word' id='word_1_72' title='bbox 318 1338 479 1426; x_wconf 81' lang='lat' dir='ltr'><strong>patibula,</strong></span> <span class='ocrx_word' id='word_1_73' title='bbox 501 1350 615 1429; x_wconf 73' lang='lat' dir='ltr'><strong>rotae,</strong></span> <span class='ocrx_word' id='word_1_74' title='bbox 639 1340 730 1424; x_wconf 83' lang='lat' dir='ltr'><strong>ligna</strong></span> <span class='ocrx_word' id='word_1_75' title='bbox 752 1341 790 1403; x_wconf 88' lang='lat' dir='ltr'><strong>ad</strong></span> <span class='ocrx_word' id='word_1_76' title='bbox 812 1341 938 1426; x_wconf 83' lang='lat' dir='ltr'><strong>ignem,</strong></span> <span class='ocrx_word' id='word_1_77' title='bbox 972 1349 1016 1401; x_wconf 87' lang='lat' dir='ltr'><strong>et</strong></span> <span class='ocrx_word' id='word_1_78' title='bbox 1045 1331 1278 1419; x_wconf 65' lang='lat' dir='ltr'><strong>hujusmodis¹</strong></span> 
     </span>
     <span class='ocr_line' id='line_1_12' title="bbox 161 1445 1280 1530; baseline -0.016 -20"><span class='ocrx_word' id='word_1_79' title='bbox 161 1445 195 1511; x_wconf 93' lang='lat' dir='ltr'><strong>in</strong></span> <span class='ocrx_word' id='word_1_80' title='bbox 217 1467 256 1508; x_wconf 93' lang='lat' dir='ltr'><strong>eo</strong></span> <span class='ocrx_word' id='word_1_81' title='bbox 277 1445 424 1508; x_wconf 85' lang='lat' dir='ltr'><strong>biberent</strong></span> <span class='ocrx_word' id='word_1_82' title='bbox 453 1455 485 1507; x_wconf 91' lang='lat' dir='ltr'><strong>et</strong></span> <span class='ocrx_word' id='word_1_83' title='bbox 517 1446 768 1530; x_wconf 81' lang='lat' dir='ltr'><strong>inebriarentur,</strong></span> <span class='ocrx_word' id='word_1_84' title='bbox 806 1447 882 1528; x_wconf 90' lang='lat' dir='ltr'><strong>quia</strong></span> <span class='ocrx_word' id='word_1_85' title='bbox 913 1453 1142 1506; x_wconf 89' lang='lat' dir='ltr'><strong>consuetum</strong></span> <span class='ocrx_word' id='word_1_86' title='bbox 1177 1445 1236 1499; x_wconf 88' lang='lat' dir='ltr'><strong>erat</strong></span> <span class='ocrx_word' id='word_1_87' title='bbox 1254 1453 1280 1492; x_wconf 83' lang='lat' dir='ltr'><strong>nt</strong></span> 
     </span>
     <span class='ocr_line' id='line_1_13' title="bbox 161 1545 1278 1636; baseline -0.012 -26"><span class='ocrx_word' id='word_1_88' title='bbox 161 1548 351 1636; x_wconf 90' lang='lat' dir='ltr'><strong>plectendos</strong></span> <span class='ocrx_word' id='word_1_89' title='bbox 384 1551 474 1632; x_wconf 90' lang='lat' dir='ltr'><strong>prius</strong></span> <span class='ocrx_word' id='word_1_90' title='bbox 512 1551 689 1613; x_wconf 88' lang='lat' dir='ltr'><strong>fortissimo</strong></span> <span class='ocrx_word' id='word_1_91' title='bbox 722 1553 799 1613; x_wconf 91' lang='lat' dir='ltr'><strong>vino</strong></span> <span class='ocrx_word' id='word_1_92' title='bbox 837 1551 1018 1632; x_wconf 87' lang='lat' dir='ltr'><strong>inebriari,</strong></span> <span class='ocrx_word' id='word_1_93' title='bbox 1062 1556 1105 1608; x_wconf 89' lang='lat' dir='ltr'><strong>ut</strong></span> <span class='ocrx_word' id='word_1_94' title='bbox 1142 1545 1278 1605; x_wconf 80' lang='lat' dir='ltr'><strong>minoen</strong></span> 
     </span>
     <span class='ocr_line' id='line_1_14' title="bbox 161 1645 1280 1754; baseline -0.012 -36"><span class='ocrx_word' id='word_1_95' title='bbox 161 1654 374 1754; x_wconf 85' lang='lat' dir='ltr'><strong>trepidarent,</strong></span> <span class='ocrx_word' id='word_1_96' title='bbox 395 1664 427 1716; x_wconf 90' lang='lat' dir='ltr'><strong>et</strong></span> <span class='ocrx_word' id='word_1_97' title='bbox 449 1663 609 1717; x_wconf 89' lang='lat' dir='ltr'><strong>tormenta</strong></span> <span class='ocrx_word' id='word_1_98' title='bbox 630 1655 736 1718; x_wconf 87' lang='lat' dir='ltr'><strong>levius</strong></span> <span class='ocrx_word' id='word_1_99' title='bbox 758 1655 895 1738; x_wconf 72' lang='lat' dir='ltr'><strong>ferrent,</strong></span> <span class='ocrx_word' id='word_1_100' title='bbox 924 1664 957 1717; x_wconf 90' lang='lat' dir='ltr'><strong>et</strong></span> <span class='ocrx_word' id='word_1_101' title='bbox 980 1663 1028 1715; x_wconf 90' lang='lat' dir='ltr'><strong>ut</strong></span> <span class='ocrx_word' id='word_1_102' title='bbox 1055 1651 1185 1714; x_wconf 87' lang='lat' dir='ltr'><strong>fortius</strong></span> <span class='ocrx_word' id='word_1_103' title='bbox 1208 1645 1245 1705; x_wconf 91' lang='lat' dir='ltr'><strong>bib</strong></span> <span class='ocrx_word' id='word_1_104' title='bbox 1247 1659 1280 1701; x_wconf 80' lang='lat' dir='ltr'><strong>ent</strong></span> 
     </span>
     <span class='ocr_line' id='line_1_15' title="bbox 164 1747 1277 1847; baseline -0.016 -25"><span class='ocrx_word' id='word_1_105' title='bbox 164 1757 409 1822; x_wconf 86' lang='lat' dir='ltr'><strong>includebantur</strong></span> <span class='ocrx_word' id='word_1_106' title='bbox 446 1761 491 1822; x_wconf 92' lang='lat' dir='ltr'><strong>ibi</strong></span> <span class='ocrx_word' id='word_1_107' title='bbox 526 1780 600 1822; x_wconf 90' lang='lat' dir='ltr'><strong>cum</strong></span> <span class='ocrx_word' id='word_1_108' title='bbox 631 1762 726 1847; x_wconf 86' lang='lat' dir='ltr'><strong>vino,</strong></span> <span class='ocrx_word' id='word_1_109' title='bbox 763 1768 841 1846; x_wconf 90' lang='lat' dir='ltr'><strong>quat</strong></span> <span class='ocrx_word' id='word_1_110' title='bbox 843 1780 923 1822; x_wconf 79' lang='lat' dir='ltr'><strong>ellus</strong></span> <span class='ocrx_word' id='word_1_111' title='bbox 956 1763 1043 1824; x_wconf 88' lang='lat' dir='ltr'><strong>sine</strong></span> <span class='ocrx_word' id='word_1_112' title='bbox 1093 1747 1277 1818; x_wconf 79' lang='lat' dir='ltr'><strong>verecundia</strong></span> 
     </span>
     <span class='ocr_line' id='line_1_16' title="bbox 164 1851 1279 1949; baseline -0.009 -23"><span class='ocrx_word' id='word_1_113' title='bbox 164 1873 307 1948; x_wconf 83' lang='lat' dir='ltr'><strong>agerent.</strong></span> <span class='ocrx_word' id='word_1_114' title='bbox 338 1861 421 1928; x_wconf 83' lang='lat' dir='ltr'><strong>Cum</strong></span> <span class='ocrx_word' id='word_1_115' title='bbox 443 1884 520 1949; x_wconf 87' lang='lat' dir='ltr'><strong>ergo</strong></span> <span class='ocrx_word' id='word_1_116' title='bbox 532 1866 691 1927; x_wconf 78' lang='lat' dir='ltr'><strong>Dominus</strong></span> <span class='ocrx_word' id='word_1_117' title='bbox 710 1865 811 1928; x_wconf 89' lang='lat' dir='ltr'><strong>Jesus</strong></span> <span class='ocrx_word' id='word_1_118' title='bbox 834 1883 905 1928; x_wconf 88' lang='lat' dir='ltr'><strong>cum</strong></span> <span class='ocrx_word' id='word_1_119' title='bbox 928 1885 1036 1929; x_wconf 88' lang='lat' dir='ltr'><strong>cruce</strong></span> <span class='ocrx_word' id='word_1_120' title='bbox 1062 1851 1279 1924; x_wconf 68' lang='lat' dir='ltr'><strong>educastis</strong></span> 
     </span>
     <span class='ocr_line' id='line_1_17' title="bbox 162 1956 1254 2056; baseline -0.01 -24"><span class='ocrx_word' id='word_1_121' title='bbox 162 1969 362 2033; x_wconf 90' lang='lat' dir='ltr'><strong>incluserunt</strong></span> <span class='ocrx_word' id='word_1_122' title='bbox 392 1991 464 2034; x_wconf 89' lang='lat' dir='ltr'><strong>eum</strong></span> <span class='ocrx_word' id='word_1_123' title='bbox 494 1972 529 2031; x_wconf 94' lang='lat' dir='ltr'><strong>in</strong></span> <span class='ocrx_word' id='word_1_124' title='bbox 561 1970 618 2032; x_wconf 92' lang='lat' dir='ltr'><strong>illa</strong></span> <span class='ocrx_word' id='word_1_125' title='bbox 645 1968 779 2054; x_wconf 89' lang='lat' dir='ltr'><strong>cellula,</strong></span> <span class='ocrx_word' id='word_1_126' title='bbox 807 1990 975 2056; x_wconf 86' lang='lat' dir='ltr'><strong>quousque</strong></span> <span class='ocrx_word' id='word_1_127' title='bbox 1019 1967 1190 2033; x_wconf 84' lang='lat' dir='ltr'><strong>foramina</strong></span> <span class='ocrx_word' id='word_1_128' title='bbox 1217 1956 1254 2016; x_wconf 77' lang='lat' dir='ltr'><strong>trit</strong></span> 
     </span>
     <span class='ocr_line' id='line_1_18' title="bbox 160 2072 1274 2160; baseline -0.007 -22"><span class='ocrx_word' id='word_1_129' title='bbox 160 2075 295 2157; x_wconf 91' lang='lat' dir='ltr'><strong>scopulo</strong></span> <span class='ocrx_word' id='word_1_130' title='bbox 321 2075 494 2138; x_wconf 86' lang='lat' dir='ltr'><strong>Calvariae</strong></span> <span class='ocrx_word' id='word_1_131' title='bbox 526 2075 698 2138; x_wconf 88' lang='lat' dir='ltr'><strong>formarent</strong></span> <span class='ocrx_word' id='word_1_132' title='bbox 736 2097 793 2160; x_wconf 89' lang='lat' dir='ltr'><strong>pro</strong></span> <span class='ocrx_word' id='word_1_133' title='bbox 827 2075 930 2139; x_wconf 91' lang='lat' dir='ltr'><strong>tribus</strong></span> <span class='ocrx_word' id='word_1_134' title='bbox 965 2074 1138 2138; x_wconf 91' lang='lat' dir='ltr'><strong>crucibus</strong></span> <span class='ocrx_word' id='word_1_135' title='bbox 1145 2115 1155 2148; x_wconf 88' lang='lat'><strong>,</strong></span> <span class='ocrx_word' id='word_1_136' title='bbox 1187 2072 1213 2125; x_wconf 78' lang='lat' dir='ltr'><strong>et</strong></span> <span class='ocrx_word' id='word_1_137' title='bbox 1233 2073 1274 2117; x_wconf 74' lang='lat' dir='ltr'><strong>mr:</strong></span> 
     </span>
     <span class='ocr_line' id='line_1_19' title="bbox 162 2165 1273 2264; baseline -0.015 -24"><span class='ocrx_word' id='word_1_138' title='bbox 162 2187 309 2262; x_wconf 88' lang='lat' dir='ltr'><strong>tempore</strong></span> <span class='ocrx_word' id='word_1_139' title='bbox 329 2181 462 2242; x_wconf 88' lang='lat' dir='ltr'><strong>biberet.</strong></span> <span class='ocrx_word' id='word_1_140' title='bbox 506 2179 672 2243; x_wconf 89' lang='lat' dir='ltr'><strong>Dederunt</strong></span> <span class='ocrx_word' id='word_1_141' title='bbox 698 2190 804 2242; x_wconf 89' lang='lat' dir='ltr'><strong>autem</strong></span> <span class='ocrx_word' id='word_1_142' title='bbox 833 2179 969 2245; x_wconf 89' lang='lat' dir='ltr'><strong>Domino&#39;</strong></span> <span class='ocrx_word' id='word_1_143' title='bbox 991 2179 1199 2264; x_wconf 85' lang='lat' dir='ltr'><strong>myrrhatum</strong></span> <span class='ocrx_word' id='word_1_144' title='bbox 1215 2165 1273 2224; x_wconf 69' lang='lat' dir='ltr'><strong>itum</strong></span> 
     </span>
     <span class='ocr_line' id='line_1_20' title="bbox 162 2277 1274 2369; baseline -0.014 -21"><span class='ocrx_word' id='word_1_145' title='bbox 162 2285 267 2348; x_wconf 88' lang='lat' dir='ltr'><strong>Marci</strong></span> <span class='ocrx_word' id='word_1_146' title='bbox 291 2285 373 2369; x_wconf 79' lang='lat' dir='ltr'><strong>XV,</strong></span> <span class='ocrx_word' id='word_1_147' title='bbox 401 2283 485 2369; x_wconf 94' lang='lat' dir='ltr'><strong>quod</strong></span> <span class='ocrx_word' id='word_1_148' title='bbox 508 2284 569 2347; x_wconf 91' lang='lat' dir='ltr'><strong>fuit</strong></span> <span class='ocrx_word' id='word_1_149' title='bbox 591 2285 845 2369; x_wconf 88' lang='lat' dir='ltr'><strong>acerbissimum,</strong></span> <span class='ocrx_word' id='word_1_150' title='bbox 867 2287 952 2350; x_wconf 91' lang='lat' dir='ltr'><strong>unde</strong></span> <span class='ocrx_word' id='word_1_151' title='bbox 974 2287 1131 2350; x_wconf 87' lang='lat' dir='ltr'><strong>oblatum</strong></span> <span class='ocrx_word' id='word_1_152' title='bbox 1153 2277 1274 2361; x_wconf 61' lang='lat' dir='ltr'><strong>potumve</strong></span> 
     </span>
     <span class='ocr_line' id='line_1_21' title="bbox 162 2389 649 2475; baseline 0 -23"><span class='ocrx_word' id='word_1_153' title='bbox 162 2393 305 2475; x_wconf 87' lang='lat' dir='ltr'><strong>accepit,</strong></span> <span class='ocrx_word' id='word_1_154' title='bbox 327 2401 362 2453; x_wconf 94' lang='lat' dir='ltr'><strong>ut</strong></span> <span class='ocrx_word' id='word_1_155' title='bbox 386 2390 501 2454; x_wconf 91' lang='lat' dir='ltr'><strong>dicitur</strong></span> <span class='ocrx_word' id='word_1_156' title='bbox 522 2389 649 2452; x_wconf 90' lang='lat' dir='ltr'><strong>ibidem.</strong></span> 
     </span>
    </p>

    <p class='ocr_par' dir='ltr' id='par_1_4' title="bbox 161 2483 1269 3102">
     <span class='ocr_line' id='line_1_22' title="bbox 246 2483 1269 2581; baseline -0.018 -25"><span class='ocrx_word' id='word_1_157' title='bbox 246 2495 284 2557; x_wconf 92' lang='lat' dir='ltr'><strong>ln</strong></span> <span class='ocrx_word' id='word_1_158' title='bbox 305 2497 368 2558; x_wconf 88' lang='lat' dir='ltr'><strong>hac</strong></span> <span class='ocrx_word' id='word_1_159' title='bbox 395 2495 572 2558; x_wconf 88' lang='lat' dir='ltr'><strong>venerabili</strong></span> <span class='ocrx_word' id='word_1_160' title='bbox 602 2497 686 2558; x_wconf 89' lang='lat' dir='ltr'><strong>cella</strong></span> <span class='ocrx_word' id='word_1_161' title='bbox 708 2495 917 2581; x_wconf 89' lang='lat' dir='ltr'><strong>contemplati</strong></span> <span class='ocrx_word' id='word_1_162' title='bbox 949 2513 1068 2558; x_wconf 86' lang='lat' dir='ltr'><strong>sumus</strong></span> <span class='ocrx_word' id='word_1_163' title='bbox 1093 2507 1158 2555; x_wconf 91' lang='lat' dir='ltr'><strong>non</strong></span> <span class='ocrx_word' id='word_1_164' title='bbox 1185 2483 1269 2544; x_wconf 77' lang='lat' dir='ltr'><strong>sinen</strong></span> 
     </span>
     <span class='ocr_line' id='line_1_23' title="bbox 162 2589 1265 2683; baseline -0.01 -23"><span class='ocrx_word' id='word_1_165' title='bbox 162 2599 267 2681; x_wconf 89' lang='lat' dir='ltr'><strong>stitia,</strong></span> <span class='ocrx_word' id='word_1_166' title='bbox 300 2600 461 2682; x_wconf 90' lang='lat' dir='ltr'><strong>quomodo</strong></span> <span class='ocrx_word' id='word_1_167' title='bbox 492 2595 650 2664; x_wconf 87' lang='lat' dir='ltr'><strong>Dominus</strong></span> <span class='ocrx_word' id='word_1_168' title='bbox 679 2589 815 2664; x_wconf 83' lang='lat' dir='ltr'><strong>Jesus</strong></span> <span class='ocrx_word' id='word_1_169' title='bbox 806 2621 839 2663; x_wconf 90' lang='grc' dir='ltr'><strong>ιιι</strong></span> <span class='ocrx_word' id='word_1_170' title='bbox 863 2619 902 2663; x_wconf 86' lang='lat' dir='ltr'><strong>ee</strong></span> <span class='ocrx_word' id='word_1_171' title='bbox 931 2600 1039 2683; x_wconf 89' lang='lat' dir='ltr'><strong>flevit,</strong></span> <span class='ocrx_word' id='word_1_172' title='bbox 1076 2606 1112 2660; x_wconf 88' lang='lat' dir='ltr'><strong>et</strong></span> <span class='ocrx_word' id='word_1_173' title='bbox 1146 2589 1265 2655; x_wconf 63' lang='lat' dir='ltr'><strong>tornatib</strong></span> 
     </span>
     <span class='ocr_line' id='line_1_24' title="bbox 162 2690 1266 2788; baseline -0.005 -23"><span class='ocrx_word' id='word_1_174' title='bbox 162 2705 268 2766; x_wconf 89' lang='lat' dir='ltr'><strong>crucis</strong></span> <span class='ocrx_word' id='word_1_175' title='bbox 291 2721 364 2766; x_wconf 88' lang='lat' dir='ltr'><strong>cum</strong></span> <span class='ocrx_word' id='word_1_176' title='bbox 387 2708 500 2768; x_wconf 88' lang='lat' dir='ltr'><strong>timore</strong></span> <span class='ocrx_word' id='word_1_177' title='bbox 522 2705 642 2788; x_wconf 86' lang='lat' dir='ltr'><strong>pariter</strong></span> <span class='ocrx_word' id='word_1_178' title='bbox 663 2713 695 2768; x_wconf 90' lang='lat' dir='ltr'><strong>et</strong></span> <span class='ocrx_word' id='word_1_179' title='bbox 718 2724 826 2768; x_wconf 87' lang='lat' dir='ltr'><strong>amore</strong></span> <span class='ocrx_word' id='word_1_180' title='bbox 846 2706 1061 2788; x_wconf 79' lang='lat' dir='ltr'><strong>exspectavit.</strong></span> <span class='ocrx_word' id='word_1_181' title='bbox 1110 2690 1256 2777; x_wconf 75' lang='lat' dir='ltr'><strong>singuli</strong></span> <span class='ocrx_word' id='word_1_182' title='bbox 1232 2699 1266 2744; x_wconf 60' lang='grc' dir='ltr'><em>Μ</em></span> 
     </span>
     <span class='ocr_line' id='line_1_25' title="bbox 162 2787 1263 2894; baseline -0.015 -25"><span class='ocrx_word' id='word_1_183' title='bbox 162 2827 235 2869; x_wconf 90' lang='lat' dir='ltr'><strong>cum</strong></span> <span class='ocrx_word' id='word_1_184' title='bbox 264 2807 460 2889; x_wconf 79' lang='lat' dir='ltr'><strong>singultibus</strong></span> <span class='ocrx_word' id='word_1_185' title='bbox 490 2815 523 2870; x_wconf 92' lang='lat' dir='ltr'><strong>et</strong></span> <span class='ocrx_word' id='word_1_186' title='bbox 550 2810 764 2890; x_wconf 85' lang='lat' dir='ltr'><strong>gemitibus</strong></span> <span class='ocrx_word' id='word_1_187' title='bbox 755 2811 896 2893; x_wconf 83' lang='lat' dir='ltr'><strong>1ngressi</strong></span> <span class='ocrx_word' id='word_1_188' title='bbox 927 2827 1059 2894; x_wconf 89' lang='lat' dir='ltr'><strong>sumus,</strong></span> <span class='ocrx_word' id='word_1_189' title='bbox 1083 2816 1117 2870; x_wconf 92' lang='lat' dir='ltr'><strong>et</strong></span> <span class='ocrx_word' id='word_1_190' title='bbox 1145 2787 1263 2864; x_wconf 68' lang='lat' dir='ltr'><strong>succesit</strong></span> 
     </span>
     <span class='ocr_line' id='line_1_26' title="bbox 162 2856 1262 2998; baseline -0.01 -24"><span class='ocrx_word' id='word_1_191' title='bbox 162 2912 303 2994; x_wconf 86' lang='lat' dir='ltr'><strong>vestigia</strong></span> <span class='ocrx_word' id='word_1_192' title='bbox 315 2856 510 2976; x_wconf 54' lang='lat' dir='ltr'><strong>t’salvatoris</strong></span> <span class='ocrx_word' id='word_1_193' title='bbox 532 2916 634 2976; x_wconf 86' lang='lat' dir='ltr'><strong>nostri</strong></span> <span class='ocrx_word' id='word_1_194' title='bbox 656 2914 923 2978; x_wconf 74' lang='lat' dir='ltr'><strong>deosculabantur</strong></span> <span class='ocrx_word' id='word_1_195' title='bbox 946 2931 1018 2977; x_wconf 89' lang='lat' dir='ltr'><strong>cum</strong></span> <span class='ocrx_word' id='word_1_196' title='bbox 1049 2901 1262 2998; x_wconf 75' lang='lat' dir='ltr'><strong>prostratione,</strong></span> 
     </span>
     <span class='ocr_line' id='line_1_27' title="bbox 161 3015 740 3102; baseline 0.009 -24"><span class='ocrx_word' id='word_1_197' title='bbox 161 3015 380 3101; x_wconf 86' lang='lat' dir='ltr'><strong>indulgentias</strong></span> <span class='ocrx_word' id='word_1_198' title='bbox 401 3017 446 3081; x_wconf 91' lang='lat' dir='ltr'><strong>ibi</strong></span> <span class='ocrx_word' id='word_1_199' title='bbox 467 3020 651 3102; x_wconf 88' lang='lat' dir='ltr'><strong>accepimus</strong></span> <span class='ocrx_word' id='word_1_200' title='bbox 673 3019 740 3102; x_wconf 63' lang='lat' dir='ltr'><strong>(l).</strong></span> 
     </span>
    </p>
   </div>
   <div class='ocr_carea' id='block_1_4' title="bbox 162 3240 1260 3466">
    <p class='ocr_par' dir='ltr' id='par_1_5' title="bbox 162 3240 1260 3466">
     <span class='ocr_line' id='line_1_28' title="bbox 162 3240 1260 3357; baseline -0.011 -29"><span class='ocrx_word' id='word_1_201' title='bbox 162 3251 221 3332; x_wconf 88' lang='lat' dir='ltr'><strong>De</strong></span> <span class='ocrx_word' id='word_1_202' title='bbox 245 3251 346 3347; x_wconf 86' lang='lat' dir='ltr'><strong>loeo,</strong></span> <span class='ocrx_word' id='word_1_203' title='bbox 369 3247 431 3330; x_wconf 92' lang='lat' dir='ltr'><strong>ubi</strong></span> <span class='ocrx_word' id='word_1_204' title='bbox 455 3251 589 3328; x_wconf 86' lang='lat' dir='ltr'><strong>milites</strong></span> <span class='ocrx_word' id='word_1_205' title='bbox 613 3254 789 3332; x_wconf 88' lang='lat' dir='ltr'><strong>miserunt</strong></span> <span class='ocrx_word' id='word_1_206' title='bbox 812 3264 937 3341; x_wconf 87' lang='lat' dir='ltr'><strong>sortes</strong></span> <span class='ocrx_word' id='word_1_207' title='bbox 963 3278 1079 3357; x_wconf 86' lang='lat' dir='ltr'><strong>super</strong></span> <span class='ocrx_word' id='word_1_208' title='bbox 1114 3240 1260 3326; x_wconf 72' lang='lat' dir='ltr'><strong>vesunu</strong></span> 
     </span>
     <span class='ocr_line' id='line_1_29' title="bbox 435 3370 1058 3466; baseline 0 -16"><span class='ocrx_word' id='word_1_209' title='bbox 435 3370 591 3466; x_wconf 83' lang='lat' dir='ltr'><strong>Christi,</strong></span> <span class='ocrx_word' id='word_1_210' title='bbox 618 3384 656 3450; x_wconf 90' lang='lat' dir='ltr'><strong>et</strong></span> <span class='ocrx_word' id='word_1_211' title='bbox 683 3398 730 3452; x_wconf 88' lang='lat' dir='ltr'><strong>ea</strong></span> <span class='ocrx_word' id='word_1_212' title='bbox 752 3376 954 3454; x_wconf 88' lang='lat' dir='ltr'><strong>diviserunt</strong></span> <span class='ocrx_word' id='word_1_213' title='bbox 976 3374 1058 3452; x_wconf 88' lang='lat' dir='ltr'><strong>sibi.</strong></span> 
     </span>
    </p>
   </div>
   <div class='ocr_carea' id='block_1_5' title="bbox 158 3531 1273 4065">
    <p class='ocr_par' dir='ltr' id='par_1_6' title="bbox 158 3531 1256 4065">
     <span class='ocr_line' id='line_1_30' title="bbox 245 3531 1254 3640; baseline 0.001 -24"><span class='ocrx_word' id='word_1_214' title='bbox 245 3555 467 3620; x_wconf 79' lang='lat' dir='ltr'><strong>&#39;l&#39;ransivimus</strong></span> <span class='ocrx_word' id='word_1_215' title='bbox 508 3563 791 3640; x_wconf 88' lang='lat' dir='ltr'><strong>consequentera</strong></span> <span class='ocrx_word' id='word_1_216' title='bbox 827 3578 959 3623; x_wconf 86' lang='lat' dir='ltr'><strong>carcere</strong></span> <span class='ocrx_word' id='word_1_217' title='bbox 1000 3555 1121 3622; x_wconf 85' lang='lat' dir='ltr'><strong>Christi</strong></span> <span class='ocrx_word' id='word_1_218' title='bbox 1148 3541 1254 3610; x_wconf 75' lang='lat' dir='ltr'><strong>td¹⁰⁰</strong></span> <span class='ocrx_word' id='word_1_219' title='bbox 1207 3531 1254 3596; x_wconf 85' lang='lat'><strong>¹⁰⁰⁰</strong></span> 
     </span>
     <span class='ocr_line' id='line_1_31' title="bbox 163 3629 1273 3751; baseline 0.005 -35"><span class='ocrx_word' id='word_1_220' title='bbox 163 3656 320 3737; x_wconf 87' lang='lat' dir='ltr'><strong>capellam</strong></span> <span class='ocrx_word' id='word_1_221' title='bbox 341 3677 413 3722; x_wconf 91' lang='lat' dir='ltr'><strong>cum</strong></span> <span class='ocrx_word' id='word_1_222' title='bbox 436 3662 538 3725; x_wconf 88' lang='lat' dir='ltr'><strong>tribus</strong></span> <span class='ocrx_word' id='word_1_223' title='bbox 561 3665 736 3725; x_wconf 92' lang='lat' dir='ltr'><strong>obstructis</strong></span> <span class='ocrx_word' id='word_1_224' title='bbox 758 3662 929 3748; x_wconf 84' lang='lat' dir='ltr'><strong>fenestris,</strong></span> <span class='ocrx_word' id='word_1_225' title='bbox 954 3674 986 3726; x_wconf 88' lang='lat' dir='ltr'><strong>et</strong></span> <span class='ocrx_word' id='word_1_226' title='bbox 1006 3664 1050 3726; x_wconf 92' lang='lat' dir='ltr'><strong>ibi</strong></span> <span class='ocrx_word' id='word_1_227' title='bbox 1077 3669 1126 3724; x_wconf 90' lang='lat' dir='ltr'><strong>est</strong></span> <span class='ocrx_word' id='word_1_228' title='bbox 1145 3655 1242 3722; x_wconf 70' lang='lat' dir='ltr'><strong>loctb⁰</strong></span> <span class='ocrx_word' id='word_1_229' title='bbox 1233 3629 1273 3751; x_wconf 84' lang='lat'><strong>⁰⁰,</strong></span> 
     </span>
     <span class='ocr_line' id='line_1_32' title="bbox 158 3710 1266 3846; baseline -0.007 -28"><span class='ocrx_word' id='word_1_230' title='bbox 158 3755 225 3840; x_wconf 82' lang='lat' dir='ltr'><strong>jam</strong></span> <span class='ocrx_word' id='word_1_231' title='bbox 238 3758 374 3825; x_wconf 88' lang='lat' dir='ltr'><strong>Domino</strong></span> <span class='ocrx_word' id='word_1_232' title='bbox 389 3764 473 3828; x_wconf 84' lang='lat' dir='ltr'><strong>Jesu</strong></span> <span class='ocrx_word' id='word_1_233' title='bbox 490 3769 578 3830; x_wconf 92' lang='lat' dir='ltr'><strong>cruci</strong></span> <span class='ocrx_word' id='word_1_234' title='bbox 597 3766 696 3830; x_wconf 85' lang='lat' dir='ltr'><strong>affixo</strong></span> <span class='ocrx_word' id='word_1_235' title='bbox 716 3767 845 3830; x_wconf 90' lang='lat' dir='ltr'><strong>stabant</strong></span> <span class='ocrx_word' id='word_1_236' title='bbox 859 3770 910 3832; x_wconf 90' lang='lat' dir='ltr'><strong>sui</strong></span> <span class='ocrx_word' id='word_1_237' title='bbox 932 3767 1143 3846; x_wconf 88' lang='lat' dir='ltr'><strong>crucifixores,</strong></span> <span class='ocrx_word' id='word_1_238' title='bbox 1155 3710 1266 3822; x_wconf 66' lang='lat' dir='ltr'><strong>mittenttt</strong></span> 
     </span>
     <span class='ocr_line' id='line_1_33' title="bbox 161 3845 1253 3959; baseline -0.003 -36"><span class='ocrx_word' id='word_1_239' title='bbox 161 3872 282 3948; x_wconf 88' lang='lat' dir='ltr'><strong>sortes,</strong></span> <span class='ocrx_word' id='word_1_240' title='bbox 318 3866 394 3948; x_wconf 91' lang='lat' dir='ltr'><strong>quid</strong></span> <span class='ocrx_word' id='word_1_241' title='bbox 416 3871 488 3952; x_wconf 90' lang='lat' dir='ltr'><strong>quis</strong></span> <span class='ocrx_word' id='word_1_242' title='bbox 511 3873 640 3936; x_wconf 87' lang='lat' dir='ltr'><strong>tolleret</strong></span> <span class='ocrx_word' id='word_1_243' title='bbox 666 3871 708 3934; x_wconf 92' lang='lat' dir='ltr'><strong>de</strong></span> <span class='ocrx_word' id='word_1_244' title='bbox 737 3874 887 3936; x_wconf 88' lang='lat' dir='ltr'><strong>vestibus</strong></span> <span class='ocrx_word' id='word_1_245' title='bbox 915 3872 1016 3959; x_wconf 88' lang='lat' dir='ltr'><strong>Jesu,</strong></span> <span class='ocrx_word' id='word_1_246' title='bbox 1051 3880 1083 3936; x_wconf 91' lang='lat' dir='ltr'><strong>et</strong></span> <span class='ocrx_word' id='word_1_247' title='bbox 1112 3858 1199 3956; x_wconf 85' lang='lat' dir='ltr'><strong>partiti</strong></span> <span class='ocrx_word' id='word_1_248' title='bbox 1215 3845 1253 3910; x_wconf 70' lang='lat' dir='ltr'><strong>pini</strong></span> 
     </span>
     <span class='ocr_line' id='line_1_34' title="bbox 160 3963 1248 4065; baseline 0.01 -38"><span class='ocrx_word' id='word_1_249' title='bbox 160 3967 356 4029; x_wconf 88' lang='lat' dir='ltr'><strong>vestimenta</strong></span> <span class='ocrx_word' id='word_1_250' title='bbox 378 3969 448 4052; x_wconf 85' lang='lat' dir='ltr'><strong>ejus</strong></span> <span class='ocrx_word' id='word_1_251' title='bbox 470 3975 504 4034; x_wconf 92' lang='lat' dir='ltr'><strong>in</strong></span> <span class='ocrx_word' id='word_1_252' title='bbox 526 3984 663 4058; x_wconf 86' lang='lat' dir='ltr'><strong>quatuor</strong></span> <span class='ocrx_word' id='word_1_253' title='bbox 684 3988 810 4065; x_wconf 86' lang='lat' dir='ltr'><strong>partes,</strong></span> <span class='ocrx_word' id='word_1_254' title='bbox 840 3980 1013 4064; x_wconf 88' lang='lat' dir='ltr'><strong>unicuique</strong></span> <span class='ocrx_word' id='word_1_255' title='bbox 1045 3977 1134 4042; x_wconf 91' lang='lat' dir='ltr'><strong>militi</strong></span> <span class='ocrx_word' id='word_1_256' title='bbox 1151 3963 1248 4052; x_wconf 58' lang='grc' dir='ltr'><strong>(ΒΨ</strong></span> 
     </span>
    </p>
   </div>
   <div class='ocr_carea' id='block_1_6' title="bbox 160 4063 1262 4252">
    <p class='ocr_par' dir='ltr' id='par_1_7' title="bbox 160 4063 1262 4252">
     <span class='ocr_line' id='line_1_35' title="bbox 160 4063 1262 4164; baseline 0.005 -30"><span class='ocrx_word' id='word_1_257' title='bbox 160 4077 234 4134; x_wconf 89' lang='lat' dir='ltr'><strong>tem.</strong></span> <span class='ocrx_word' id='word_1_258' title='bbox 277 4067 332 4132; x_wconf 84' lang='lat' dir='ltr'><strong>Ad</strong></span> <span class='ocrx_word' id='word_1_259' title='bbox 354 4080 475 4136; x_wconf 88' lang='lat' dir='ltr'><strong>sortem</strong></span> <span class='ocrx_word' id='word_1_260' title='bbox 497 4086 603 4140; x_wconf 89' lang='lat' dir='ltr'><strong>autem</strong></span> <span class='ocrx_word' id='word_1_261' title='bbox 626 4094 804 4164; x_wconf 90' lang='lat' dir='ltr'><strong>posuerunt</strong></span> <span class='ocrx_word' id='word_1_262' title='bbox 826 4085 965 4148; x_wconf 90' lang='lat' dir='ltr'><strong>tunicam</strong></span> <span class='ocrx_word' id='word_1_263' title='bbox 988 4063 1250 4152; x_wconf 78' lang='lat' dir='ltr'><strong>inconsutilcn,l⁰⁰⁰</strong></span> <span class='ocrx_word' id='word_1_264' title='bbox 1258 4124 1262 4157; x_wconf 74' lang='lat'><strong>,</strong></span> 
     </span>
     <span class='ocr_line' id='line_1_36' title="bbox 160 4167 1244 4252; baseline 0.007 -8"><span class='ocrx_word' id='word_1_265' title='bbox 160 4177 268 4237; x_wconf 78' lang='lat' dir='ltr'><strong>scissa</strong></span> <span class='ocrx_word' id='word_1_266' title='bbox 286 4173 412 4236; x_wconf 81' lang='lat' dir='ltr'><strong>inutilis</strong></span> <span class='ocrx_word' id='word_1_267' title='bbox 432 4173 557 4238; x_wconf 79' lang='lat' dir='ltr'><strong>fuisset</strong></span> <span class='ocrx_word' id='word_1_268' title='bbox 580 4181 623 4244; x_wconf 85' lang='lat' dir='ltr'><strong>Et</strong></span> <span class='ocrx_word' id='word_1_269' title='bbox 645 4184 834 4250; x_wconf 82' lang='lat' dir='ltr'><strong>sedentes</strong></span> <span class='ocrx_word' id='word_1_270' title='bbox 823 4209 857 4250; x_wconf 87' lang='lat' dir='ltr'><strong>m</strong></span> <span class='ocrx_word' id='word_1_271' title='bbox 878 4188 950 4252; x_wconf 88' lang='lat' dir='ltr'><strong>loco</strong></span> <span class='ocrx_word' id='word_1_272' title='bbox 963 4188 1026 4252; x_wconf 87' lang='lat' dir='ltr'><strong>hoc</strong></span> <span class='ocrx_word' id='word_1_273' title='bbox 1044 4185 1177 4252; x_wconf 81' lang='lat' dir='ltr'><strong>miserunt</strong></span> <span class='ocrx_word' id='word_1_274' title='bbox 1191 4167 1244 4234; x_wconf 76' lang='lat'><strong>⁸⁰⁰⁰</strong></span> 
     </span>
    </p>
   </div>
   <div class='ocr_carea' id='block_1_7' title="bbox 0 0 1308 4842">
    <p class='ocr_par' dir='ltr' id='par_1_8' title="bbox 0 0 1308 4842">
     <span class='ocr_line' id='line_1_37' title="bbox 0 0 1308 4842; baseline 0 0"><span class='ocrx_word' id='word_1_275' title='bbox 0 0 1308 4842; x_wconf 95' lang='lat' dir='ltr'><strong> </strong></span> 
     </span>
    </p>
   </div>
  </div>
 </body>
</html>
