<?xml version="1.0" encoding="UTF-8"?>
<!DOCTYPE html PUBLIC "-//W3C//DTD XHTML 1.0 Transitional//EN"
    "http://www.w3.org/TR/xhtml1/DTD/xhtml1-transitional.dtd">
<html xmlns="http://www.w3.org/1999/xhtml" xml:lang="en" lang="en">
 <head>
  <title>
</title>
<meta http-equiv="Content-Type" content="text/html;charset=utf-8" />
  <meta name='ocr-system' content='tesseract 3.04.00' />
  <meta name='ocr-capabilities' content='ocr_page ocr_carea ocr_par ocr_line ocrx_word'/>
</head>
<body>
  <div class='ocr_page' id='page_1' title='image "./fratrisfelicisf01fabrgoog_0160.png"; bbox 0 0 2716 4798; ppageno 0'>
   <div class='ocr_carea' id='block_1_1' title="bbox 34 0 593 2">
    <p class='ocr_par' dir='ltr' id='par_1_1' title="bbox 34 0 593 2">
     <span class='ocr_line' id='line_1_1' title="bbox 34 0 593 2; baseline 0 0"><span class='ocrx_word' id='word_1_1' title='bbox 34 0 593 2; x_wconf 95' lang='lat' dir='ltr'> </span> 
     </span>
    </p>
   </div>
   <div class='ocr_carea' id='block_1_2' title="bbox 591 223 650 288">
    <p class='ocr_par' dir='ltr' id='par_1_2' title="bbox 591 223 650 288">
     <span class='ocr_line' id='line_1_2' title="bbox 591 223 650 288; baseline -0.017 0"><span class='ocrx_word' id='word_1_2' title='bbox 591 223 650 288; x_wconf 78' lang='lat'>¹41</span> 
     </span>
    </p>
   </div>
   <div class='ocr_carea' id='block_1_3' title="bbox 6 400 1206 4048">
    <p class='ocr_par' dir='ltr' id='par_1_3' title="bbox 6 400 1206 4048">
     <span class='ocr_line' id='line_1_3' title="bbox 10 400 1206 490; baseline 0.008 -24"><span class='ocrx_word' id='word_1_3' title='bbox 10 405 125 468; x_wconf 73' lang='lat' dir='ltr'>bosi</span> <span class='ocrx_word' id='word_1_4' title='bbox 150 402 321 486; x_wconf 79' lang='lat' dir='ltr'>peregrini</span> <span class='ocrx_word' id='word_1_5' title='bbox 342 411 399 466; x_wconf 88' lang='lat' dir='ltr'>aut</span> <span class='ocrx_word' id='word_1_6' title='bbox 418 400 578 486; x_wconf 74' lang='lat' dir='ltr'>galiotae</span> <span class='ocrx_word' id='word_1_7' title='bbox 602 401 659 469; x_wconf 89' lang='lat' dir='ltr'>Sie</span> <span class='ocrx_word' id='word_1_8' title='bbox 673 421 751 488; x_wconf 79' lang='lat' dir='ltr'>ergo</span> <span class='ocrx_word' id='word_1_9' title='bbox 772 403 902 470; x_wconf 86' lang='lat' dir='ltr'>barbam</span> <span class='ocrx_word' id='word_1_10' title='bbox 916 413 950 470; x_wconf 90' lang='lat' dir='ltr'>et</span> <span class='ocrx_word' id='word_1_11' title='bbox 969 403 1053 490; x_wconf 90' lang='lat' dir='ltr'>pllos</span> <span class='ocrx_word' id='word_1_12' title='bbox 1074 405 1206 474; x_wconf 76' lang='lat' dir='ltr'>cottidie</span> 
     </span>
     <span class='ocr_line' id='line_1_4' title="bbox 9 507 1204 594; baseline 0.003 -22"><span class='ocrx_word' id='word_1_13' title='bbox 9 516 154 590; x_wconf 58' lang='lat' dir='ltr'>stret,</span> <span class='ocrx_word' id='word_1_14' title='bbox 174 507 254 589; x_wconf 85' lang='lat' dir='ltr'>quin</span> <span class='ocrx_word' id='word_1_15' title='bbox 273 509 305 572; x_wconf 90' lang='lat' dir='ltr'>si</span> <span class='ocrx_word' id='word_1_16' title='bbox 325 509 369 572; x_wconf 90' lang='lat' dir='ltr'>ibi</span> <span class='ocrx_word' id='word_1_17' title='bbox 393 507 749 592; x_wconf 84' lang='lat' dir='ltr'>superabundaverint,</span> <span class='ocrx_word' id='word_1_18' title='bbox 780 519 916 594; x_wconf 71' lang='lat' dir='ltr'>rogatur</span> <span class='ocrx_word' id='word_1_19' title='bbox 946 508 1106 594; x_wconf 75' lang='lat' dir='ltr'>deponere</span> <span class='ocrx_word' id='word_1_20' title='bbox 1128 513 1204 576; x_wconf 81' lang='lat' dir='ltr'>bar·</span> 
     </span>
     <span class='ocr_line' id='line_1_5' title="bbox 12 609 1205 698; baseline 0.005 -22"><span class='ocrx_word' id='word_1_21' title='bbox 12 634 106 694; x_wconf 85' lang='lat' dir='ltr'>m,</span> <span class='ocrx_word' id='word_1_22' title='bbox 137 620 173 674; x_wconf 85' lang='lat' dir='ltr'>at</span> <span class='ocrx_word' id='word_1_23' title='bbox 194 629 233 672; x_wconf 88' lang='lat' dir='ltr'>se</span> <span class='ocrx_word' id='word_1_24' title='bbox 253 609 487 694; x_wconf 86' lang='lat' dir='ltr'>debonestare,</span> <span class='ocrx_word' id='word_1_25' title='bbox 513 611 588 694; x_wconf 73' lang='lat' dir='ltr'>uria</span> <span class='ocrx_word' id='word_1_26' title='bbox 628 611 852 693; x_wconf 75' lang='lat' dir='ltr'><strong>exprobrabile</strong></span> <span class='ocrx_word' id='word_1_27' title='bbox 885 621 955 698; x_wconf 88' lang='lat' dir='ltr'>est,</span> <span class='ocrx_word' id='word_1_28' title='bbox 988 633 1053 680; x_wconf 91' lang='lat' dir='ltr'>non</span> <span class='ocrx_word' id='word_1_29' title='bbox 1084 617 1205 682; x_wconf 77' lang='lat' dir='ltr'>bebere</span> 
     </span>
     <span class='ocr_line' id='line_1_6' title="bbox 17 713 1204 804; baseline 0.006 -24"><span class='ocrx_word' id='word_1_30' title='bbox 17 719 161 782; x_wconf 67' lang='lat' dir='ltr'>tham</span> <span class='ocrx_word' id='word_1_31' title='bbox 183 715 217 778; x_wconf 90' lang='lat' dir='ltr'>in</span> <span class='ocrx_word' id='word_1_32' title='bbox 239 717 329 780; x_wconf 88' lang='lat' dir='ltr'>mari.</span> <span class='ocrx_word' id='word_1_33' title='bbox 373 713 432 780; x_wconf 82' lang='lat' dir='ltr'>Sio</span> <span class='ocrx_word' id='word_1_34' title='bbox 460 715 574 778; x_wconf 88' lang='lat' dir='ltr'>inutile</span> <span class='ocrx_word' id='word_1_35' title='bbox 596 726 646 781; x_wconf 89' lang='lat' dir='ltr'>est</span> <span class='ocrx_word' id='word_1_36' title='bbox 674 716 798 778; x_wconf 90' lang='lat' dir='ltr'>nutrire</span> <span class='ocrx_word' id='word_1_37' title='bbox 818 715 944 782; x_wconf 80' lang='lat' dir='ltr'>ooriram</span> <span class='ocrx_word' id='word_1_38' title='bbox 970 720 1096 804; x_wconf 82' lang='lat' dir='ltr'>eapitis,</span> <span class='ocrx_word' id='word_1_39' title='bbox 1116 723 1204 790; x_wconf 86' lang='lat' dir='ltr'>sieut</span> 
     </span>
     <span class='ocr_line' id='line_1_7' title="bbox 13 819 1202 908; baseline 0.008 -25"><span class='ocrx_word' id='word_1_40' title='bbox 13 820 162 884; x_wconf 78' lang='lat' dir='ltr'>uidam</span> <span class='ocrx_word' id='word_1_41' title='bbox 188 819 326 902; x_wconf 85' lang='lat' dir='ltr'>nobiles,</span> <span class='ocrx_word' id='word_1_42' title='bbox 346 819 496 884; x_wconf 86' lang='lat' dir='ltr'>nolentes</span> <span class='ocrx_word' id='word_1_43' title='bbox 518 839 590 884; x_wconf 90' lang='lat' dir='ltr'>eam</span> <span class='ocrx_word' id='word_1_44' title='bbox 612 820 783 906; x_wconf 73' lang='lat' dir='ltr'>deponere,</span> <span class='ocrx_word' id='word_1_45' title='bbox 805 841 940 908; x_wconf 83' lang='lat' dir='ltr'>qnorum</span> <span class='ocrx_word' id='word_1_46' title='bbox 976 823 1103 907; x_wconf 80' lang='lat' dir='ltr'>aliquos</span> <span class='ocrx_word' id='word_1_47' title='bbox 1133 825 1202 892; x_wconf 89' lang='lat' dir='ltr'>vidi</span> 
     </span>
     <span class='ocr_line' id='line_1_8' title="bbox 12 921 1204 1013; baseline 0.005 -23"><span class='ocrx_word' id='word_1_48' title='bbox 12 921 216 1006; x_wconf 67' lang='lat' dir='ltr'><strong>tao-(54</strong></span> <span class='ocrx_word' id='word_1_49' title='bbox 224 923 276 1002; x_wconf 81' lang='grc' dir='ltr'>Δ)</span> <span class='ocrx_word' id='word_1_50' title='bbox 298 925 515 1010; x_wconf 87' lang='lat' dir='ltr'>pedioulosor,</span> <span class='ocrx_word' id='word_1_51' title='bbox 538 934 571 989; x_wconf 88' lang='lat' dir='ltr'>et</span> <span class='ocrx_word' id='word_1_52' title='bbox 592 944 705 996; x_wconf 88' lang='lat' dir='ltr'>omnes</span> <span class='ocrx_word' id='word_1_53' title='bbox 723 943 803 990; x_wconf 87' lang='lat' dir='ltr'>suos</span> <span class='ocrx_word' id='word_1_54' title='bbox 825 928 935 991; x_wconf 87' lang='lat' dir='ltr'>soeios</span> <span class='ocrx_word' id='word_1_55' title='bbox 956 928 1142 1013; x_wconf 82' lang='lat' dir='ltr'>replebant,</span> <span class='ocrx_word' id='word_1_56' title='bbox 1170 938 1204 996; x_wconf 90' lang='lat' dir='ltr'>et</span> 
     </span>
     <span class='ocr_line' id='line_1_9' title="bbox 13 1029 1203 1118; baseline 0.007 -24"><span class='ocrx_word' id='word_1_57' title='bbox 13 1047 143 1094; x_wconf 78' lang='lat' dir='ltr'>unes</span> <span class='ocrx_word' id='word_1_58' title='bbox 163 1037 399 1094; x_wconf 85' lang='lat' dir='ltr'>eommorantes</span> <span class='ocrx_word' id='word_1_59' title='bbox 419 1029 621 1112; x_wconf 73' lang='lat' dir='ltr'>gravabante</span> <span class='ocrx_word' id='word_1_60' title='bbox 645 1049 708 1094; x_wconf 88' lang='lat' dir='ltr'>neo</span> <span class='ocrx_word' id='word_1_61' title='bbox 741 1030 978 1095; x_wconf 78' lang='lat' dir='ltr'>verecundetur</span> <span class='ocrx_word' id='word_1_62' title='bbox 1011 1035 1203 1118; x_wconf 82' lang='lat' dir='ltr'>peregrinus</span> 
     </span>
     <span class='ocr_line' id='line_1_10' title="bbox 15 1132 1203 1219; baseline 0 -17"><span class='ocrx_word' id='word_1_63' title='bbox 15 1146 141 1202; x_wconf 71' lang='lat' dir='ltr'>erere</span> <span class='ocrx_word' id='word_1_64' title='bbox 157 1133 292 1214; x_wconf 74' lang='lat' dir='ltr'>eooiun,</span> <span class='ocrx_word' id='word_1_65' title='bbox 310 1142 347 1196; x_wconf 90' lang='lat' dir='ltr'>ut</span> <span class='ocrx_word' id='word_1_66' title='bbox 367 1134 429 1203; x_wconf 86' lang='lat' dir='ltr'>sibi</span> <span class='ocrx_word' id='word_1_67' title='bbox 449 1141 583 1219; x_wconf 84' lang='lat' dir='ltr'>quaerat</span> <span class='ocrx_word' id='word_1_68' title='bbox 610 1135 644 1198; x_wconf 91' lang='lat' dir='ltr'>in</span> <span class='ocrx_word' id='word_1_69' title='bbox 673 1134 783 1201; x_wconf 82' lang='lat' dir='ltr'>barba.</span> <span class='ocrx_word' id='word_1_70' title='bbox 831 1135 988 1200; x_wconf 83' lang='lat' dir='ltr'>Similiter</span> <span class='ocrx_word' id='word_1_71' title='bbox 1011 1132 1053 1196; x_wconf 87' lang='lat' dir='ltr'>do</span> <span class='ocrx_word' id='word_1_72' title='bbox 1083 1135 1203 1202; x_wconf 91' lang='lat' dir='ltr'>lotione</span> 
     </span>
     <span class='ocr_line' id='line_1_11' title="bbox 13 1237 1202 1324; baseline 0 -20"><span class='ocrx_word' id='word_1_73' title='bbox 13 1238 195 1324; x_wconf 70' lang='lat' dir='ltr'>equasti</span> <span class='ocrx_word' id='word_1_74' title='bbox 217 1239 431 1322; x_wconf 76' lang='lat' dir='ltr'>camisiamet,</span> <span class='ocrx_word' id='word_1_75' title='bbox 452 1257 549 1323; x_wconf 82' lang='lat' dir='ltr'>quam</span> <span class='ocrx_word' id='word_1_76' title='bbox 570 1238 694 1302; x_wconf 85' lang='lat' dir='ltr'>faeiunt</span> <span class='ocrx_word' id='word_1_77' title='bbox 710 1237 842 1322; x_wconf 76' lang='lat' dir='ltr'>gattuli,</span> <span class='ocrx_word' id='word_1_78' title='bbox 857 1241 901 1302; x_wconf 94' lang='lat' dir='ltr'>sit</span> <span class='ocrx_word' id='word_1_79' title='bbox 916 1239 1097 1322; x_wconf 64' lang='lat' dir='ltr'>&#39;singularis</span> <span class='ocrx_word' id='word_1_80' title='bbox 1126 1239 1202 1304; x_wconf 90' lang='lat' dir='ltr'>dili-</span> 
     </span>
     <span class='ocr_line' id='line_1_12' title="bbox 15 1324 1202 1428; baseline 0 -18"><span class='ocrx_word' id='word_1_81' title='bbox 15 1347 142 1412; x_wconf 74' lang='lat' dir='ltr'>entia</span> <span class='ocrx_word' id='word_1_82' title='bbox 163 1351 196 1404; x_wconf 90' lang='lat' dir='ltr'>et</span> <span class='ocrx_word' id='word_1_83' title='bbox 206 1343 427 1406; x_wconf 85' lang='lat' dir='ltr'>linteaminum</span> <span class='ocrx_word' id='word_1_84' title='bbox 447 1353 479 1406; x_wconf 88' lang='lat' dir='ltr'>et</span> <span class='ocrx_word' id='word_1_85' title='bbox 495 1343 605 1408; x_wconf 91' lang='lat' dir='ltr'>leotuli</span> <span class='ocrx_word' id='word_1_86' title='bbox 626 1344 782 1409; x_wconf 77' lang='lat' dir='ltr'>munditie</span> <span class='ocrx_word' id='word_1_87' title='bbox 799 1353 937 1427; x_wconf 77' lang='lat' dir='ltr'>duretur,</span> <span class='ocrx_word' id='word_1_88' title='bbox 960 1354 1045 1408; x_wconf 91' lang='lat' dir='ltr'>uteo</span> <span class='ocrx_word' id='word_1_89' title='bbox 1064 1324 1202 1428; x_wconf 77' lang='lat' dir='ltr'>quietior</span> 
     </span>
     <span class='ocr_line' id='line_1_13' title="bbox 12 1447 1202 1535; baseline 0.002 -21"><span class='ocrx_word' id='word_1_90' title='bbox 12 1455 69 1533; x_wconf 83' lang='lat' dir='ltr'>it,</span> <span class='ocrx_word' id='word_1_91' title='bbox 103 1451 201 1530; x_wconf 83' lang='lat' dir='ltr'>qaia,</span> <span class='ocrx_word' id='word_1_92' title='bbox 229 1447 285 1529; x_wconf 81' lang='lat' dir='ltr'>qui</span> <span class='ocrx_word' id='word_1_93' title='bbox 312 1447 439 1511; x_wconf 87' lang='lat' dir='ltr'>inistis</span> <span class='ocrx_word' id='word_1_94' title='bbox 468 1458 519 1512; x_wconf 92' lang='lat' dir='ltr'>est</span> <span class='ocrx_word' id='word_1_95' title='bbox 551 1450 742 1534; x_wconf 83' lang='lat' dir='ltr'>negligens,</span> <span class='ocrx_word' id='word_1_96' title='bbox 772 1451 949 1514; x_wconf 77' lang='lat' dir='ltr'>remanebit</span> <span class='ocrx_word' id='word_1_97' title='bbox 975 1451 1147 1535; x_wconf 88' lang='lat' dir='ltr'>inquietus,</span> <span class='ocrx_word' id='word_1_98' title='bbox 1168 1459 1202 1516; x_wconf 87' lang='lat' dir='ltr'>et</span> 
     </span>
     <span class='ocr_line' id='line_1_14' title="bbox 13 1549 1201 1638; baseline 0.003 -22"><span class='ocrx_word' id='word_1_99' title='bbox 13 1553 181 1620; x_wconf 86' lang='lat' dir='ltr'>mnibus</span> <span class='ocrx_word' id='word_1_100' title='bbox 191 1549 342 1614; x_wconf 89' lang='lat' dir='ltr'>reddetur</span> <span class='ocrx_word' id='word_1_101' title='bbox 362 1550 502 1616; x_wconf 90' lang='lat' dir='ltr'>odiosus.</span> <span class='ocrx_word' id='word_1_102' title='bbox 527 1553 730 1636; x_wconf 83' lang='lat' dir='ltr'>Navigantes</span> <span class='ocrx_word' id='word_1_103' title='bbox 740 1556 901 1638; x_wconf 79' lang='lat' dir='ltr'>peregrini</span> <span class='ocrx_word' id='word_1_104' title='bbox 911 1555 1028 1620; x_wconf 85' lang='lat' dir='ltr'>multas</span> <span class='ocrx_word' id='word_1_105' title='bbox 1039 1557 1201 1628; x_wconf 89' lang='lat' dir='ltr'>sustinent</span> 
     </span>
     <span class='ocr_line' id='line_1_15' title="bbox 12 1655 1200 1742; baseline 0.003 -20"><span class='ocrx_word' id='word_1_106' title='bbox 12 1655 295 1733; x_wconf 76' lang='lat' dir='ltr'>acommodiates</span> <span class='ocrx_word' id='word_1_107' title='bbox 316 1665 348 1717; x_wconf 88' lang='lat' dir='ltr'>et</span> <span class='ocrx_word' id='word_1_108' title='bbox 368 1659 574 1742; x_wconf 73' lang='lat' dir='ltr'>gravamina,</span> <span class='ocrx_word' id='word_1_109' title='bbox 603 1658 687 1723; x_wconf 89' lang='lat' dir='ltr'>inter</span> <span class='ocrx_word' id='word_1_110' title='bbox 712 1678 825 1726; x_wconf 88' lang='lat' dir='ltr'>omnes</span> <span class='ocrx_word' id='word_1_111' title='bbox 857 1669 965 1724; x_wconf 84' lang='lat' dir='ltr'>tamen</span> <span class='ocrx_word' id='word_1_112' title='bbox 987 1659 1200 1726; x_wconf 81' lang='lat' dir='ltr'>incommodi-</span> 
     </span>
     <span class='ocr_line' id='line_1_16' title="bbox 12 1760 1199 1848; baseline -0.001 -19"><span class='ocrx_word' id='word_1_113' title='bbox 12 1773 131 1845; x_wconf 77' lang='lat' dir='ltr'>ates,</span> <span class='ocrx_word' id='word_1_114' title='bbox 159 1760 288 1843; x_wconf 86' lang='lat' dir='ltr'>dempta</span> <span class='ocrx_word' id='word_1_115' title='bbox 313 1761 497 1826; x_wconf 86' lang='lat' dir='ltr'>infirmitate</span> <span class='ocrx_word' id='word_1_116' title='bbox 524 1765 673 1847; x_wconf 88' lang='lat' dir='ltr'>propriae</span> <span class='ocrx_word' id='word_1_117' title='bbox 694 1783 876 1848; x_wconf 88' lang='lat' dir='ltr'>personae,</span> <span class='ocrx_word' id='word_1_118' title='bbox 909 1764 1139 1833; x_wconf 87' lang='lat' dir='ltr'>molestissima</span> <span class='ocrx_word' id='word_1_119' title='bbox 1166 1773 1199 1830; x_wconf 87' lang='lat' dir='ltr'>et</span> 
     </span>
     <span class='ocr_line' id='line_1_17' title="bbox 13 1865 1200 1954; baseline 0.008 -30"><span class='ocrx_word' id='word_1_120' title='bbox 13 1869 172 1954; x_wconf 71' lang='lat' dir='ltr'>‚essima</span> <span class='ocrx_word' id='word_1_121' title='bbox 201 1865 447 1933; x_wconf 84' lang='lat' dir='ltr'>incommoditas</span> <span class='ocrx_word' id='word_1_122' title='bbox 479 1877 551 1952; x_wconf 92' lang='lat' dir='ltr'>est,</span> <span class='ocrx_word' id='word_1_123' title='bbox 580 1868 707 1952; x_wconf 90' lang='lat' dir='ltr'>quando</span> <span class='ocrx_word' id='word_1_124' title='bbox 739 1872 930 1954; x_wconf 82' lang='lat' dir='ltr'>peregrinus</span> <span class='ocrx_word' id='word_1_125' title='bbox 958 1870 1061 1934; x_wconf 93' lang='lat' dir='ltr'>bonus</span> <span class='ocrx_word' id='word_1_126' title='bbox 1102 1871 1200 1937; x_wconf 85' lang='lat' dir='ltr'>habet</span> 
     </span>
     <span class='ocr_line' id='line_1_18' title="bbox 10 1972 1187 2062; baseline 0 -24"><span class='ocrx_word' id='word_1_127' title='bbox 10 1972 248 2042; x_wconf 73' lang='lat' dir='ltr'>:ollareralom</span> <span class='ocrx_word' id='word_1_128' title='bbox 290 1973 427 2056; x_wconf 76' lang='lat' dir='ltr'>malum,</span> <span class='ocrx_word' id='word_1_129' title='bbox 455 1973 691 2062; x_wconf 79' lang='lat' dir='ltr'>invidiosum,</span> <span class='ocrx_word' id='word_1_130' title='bbox 729 1976 966 2057; x_wconf 85' lang='lat' dir='ltr'>impatientem,</span> <span class='ocrx_word' id='word_1_131' title='bbox 1012 1974 1187 2058; x_wconf 81' lang='lat' dir='ltr'>litigiosum</span> 
     </span>
     <span class='ocr_line' id='line_1_19' title="bbox 12 2039 1199 2163; baseline 0.002 -21"><span class='ocrx_word' id='word_1_132' title='bbox 12 2078 216 2163; x_wconf 86' lang='lat' dir='ltr'>nquieturn,</span> <span class='ocrx_word' id='word_1_133' title='bbox 237 2077 425 2142; x_wconf 84' lang='lat' dir='ltr'>iracundum</span> <span class='ocrx_word' id='word_1_134' title='bbox 446 2087 479 2142; x_wconf 91' lang='lat' dir='ltr'>et</span> <span class='ocrx_word' id='word_1_135' title='bbox 499 2078 717 2144; x_wconf 83' lang='lat' dir='ltr'>immurrdnmt</span> <span class='ocrx_word' id='word_1_136' title='bbox 737 2085 890 2160; x_wconf 83' lang='lat' dir='ltr'>expertus</span> <span class='ocrx_word' id='word_1_137' title='bbox 906 2096 979 2142; x_wconf 89' lang='lat' dir='ltr'>snm</span> <span class='ocrx_word' id='word_1_138' title='bbox 1001 2075 1097 2162; x_wconf 88' lang='lat' dir='ltr'>hujus</span> <span class='ocrx_word' id='word_1_139' title='bbox 1119 2039 1199 2144; x_wconf 77' lang='lat' dir='ltr'>mati</span> 
     </span>
     <span class='ocr_line' id='line_1_20' title="bbox 8 2182 1199 2267; baseline 0.002 -19"><span class='ocrx_word' id='word_1_140' title='bbox 8 2198 176 2267; x_wconf 67' lang='lat' dir='ltr'>soonam,</span> <span class='ocrx_word' id='word_1_141' title='bbox 190 2189 222 2246; x_wconf 86' lang='lat' dir='ltr'>et</span> <span class='ocrx_word' id='word_1_142' title='bbox 242 2198 261 2241; x_wconf 92' lang='lat' dir='ltr'>e</span> <span class='ocrx_word' id='word_1_143' title='bbox 282 2185 443 2254; x_wconf 83' lang='lat' dir='ltr'>eontrario</span> <span class='ocrx_word' id='word_1_144' title='bbox 461 2182 682 2266; x_wconf 85' lang='lat' dir='ltr'>impretiabilis</span> <span class='ocrx_word' id='word_1_145' title='bbox 702 2183 872 2246; x_wconf 76' lang='lat' dir='ltr'>thesaurus</span> <span class='ocrx_word' id='word_1_146' title='bbox 894 2190 946 2246; x_wconf 88' lang='lat' dir='ltr'>est</span> <span class='ocrx_word' id='word_1_147' title='bbox 965 2185 1075 2248; x_wconf 85' lang='lat' dir='ltr'>socius</span> <span class='ocrx_word' id='word_1_148' title='bbox 1095 2183 1199 2250; x_wconf 80' lang='lat' dir='ltr'>eolla-</span> 
     </span>
     <span class='ocr_line' id='line_1_21' title="bbox 11 2271 1198 2374; baseline 0.003 -24"><span class='ocrx_word' id='word_1_149' title='bbox 11 2287 143 2352; x_wconf 75' lang='lat' dir='ltr'>2eralis</span> <span class='ocrx_word' id='word_1_150' title='bbox 166 2285 370 2370; x_wconf 64' lang='lat' dir='ltr'>rationabilia,</span> <span class='ocrx_word' id='word_1_151' title='bbox 391 2288 508 2371; x_wconf 88' lang='lat' dir='ltr'>fidelis,</span> <span class='ocrx_word' id='word_1_152' title='bbox 529 2289 667 2371; x_wconf 81' lang='lat' dir='ltr'>patiens,</span> <span class='ocrx_word' id='word_1_153' title='bbox 690 2288 818 2372; x_wconf 89' lang='lat' dir='ltr'>quietus</span> <span class='ocrx_word' id='word_1_154' title='bbox 839 2297 873 2351; x_wconf 91' lang='lat' dir='ltr'>et</span> <span class='ocrx_word' id='word_1_155' title='bbox 894 2289 1048 2374; x_wconf 72' lang='lat' dir='ltr'>mundns,</span> <span class='ocrx_word' id='word_1_156' title='bbox 1081 2271 1115 2352; x_wconf 85' lang='lat' dir='ltr'>et</span> <span class='ocrx_word' id='word_1_157' title='bbox 1135 2291 1198 2354; x_wconf 88' lang='lat' dir='ltr'>hoo</span> 
     </span>
     <span class='ocr_line' id='line_1_22' title="bbox 7 2393 1199 2473; baseline -0.001 -15"><span class='ocrx_word' id='word_1_158' title='bbox 7 2395 113 2458; x_wconf 82' lang='lat' dir='ltr'>‚dem</span> <span class='ocrx_word' id='word_1_159' title='bbox 153 2394 348 2473; x_wconf 85' lang='lat' dir='ltr'>experientia</span> <span class='ocrx_word' id='word_1_160' title='bbox 380 2394 486 2459; x_wconf 83' lang='lat' dir='ltr'>didici.</span> <span class='ocrx_word' id='word_1_161' title='bbox 554 2393 691 2456; x_wconf 76' lang='lat' dir='ltr'>Tantum</span> <span class='ocrx_word' id='word_1_162' title='bbox 724 2395 809 2454; x_wconf 91' lang='lat' dir='ltr'>enim</span> <span class='ocrx_word' id='word_1_163' title='bbox 839 2393 958 2455; x_wconf 89' lang='lat' dir='ltr'>bonum</span> <span class='ocrx_word' id='word_1_164' title='bbox 989 2403 1040 2456; x_wconf 87' lang='lat' dir='ltr'>est</span> <span class='ocrx_word' id='word_1_165' title='bbox 1078 2394 1199 2460; x_wconf 81' lang='lat' dir='ltr'>habero</span> 
     </span>
     <span class='ocr_line' id='line_1_23' title="bbox 10 2495 1198 2582; baseline -0.003 -18"><span class='ocrx_word' id='word_1_166' title='bbox 10 2495 246 2564; x_wconf 85' lang='lat' dir='ltr'>eollateralem</span> <span class='ocrx_word' id='word_1_167' title='bbox 264 2497 370 2582; x_wconf 88' lang='lat' dir='ltr'>talem,</span> <span class='ocrx_word' id='word_1_168' title='bbox 393 2508 429 2562; x_wconf 93' lang='lat' dir='ltr'>ut</span> <span class='ocrx_word' id='word_1_169' title='bbox 450 2497 657 2562; x_wconf 88' lang='lat' dir='ltr'>omnesaliae</span> <span class='ocrx_word' id='word_1_170' title='bbox 669 2495 838 2558; x_wconf 74' lang='lat' dir='ltr'>molestiae</span> <span class='ocrx_word' id='word_1_171' title='bbox 853 2496 946 2558; x_wconf 83' lang='lat' dir='ltr'>leves</span> <span class='ocrx_word' id='word_1_172' title='bbox 968 2505 1002 2559; x_wconf 92' lang='lat' dir='ltr'>et</span> <span class='ocrx_word' id='word_1_173' title='bbox 1014 2495 1198 2561; x_wconf 76' lang='lat' dir='ltr'>tolerabiles</span> 
     </span>
     <span class='ocr_line' id='line_1_24' title="bbox 7 2598 1200 2688; baseline -0.003 -20"><span class='ocrx_word' id='word_1_174' title='bbox 7 2605 208 2686; x_wconf 82' lang='lat' dir='ltr'>videantur,</span> <span class='ocrx_word' id='word_1_175' title='bbox 220 2611 362 2686; x_wconf 83' lang='lat' dir='ltr'>elsaepe</span> <span class='ocrx_word' id='word_1_176' title='bbox 371 2603 524 2688; x_wconf 82' lang='lat' dir='ltr'>gaudium</span> <span class='ocrx_word' id='word_1_177' title='bbox 542 2603 575 2666; x_wconf 92' lang='lat' dir='ltr'>in</span> <span class='ocrx_word' id='word_1_178' title='bbox 587 2601 792 2668; x_wconf 88' lang='lat' dir='ltr'>tribulatione</span> <span class='ocrx_word' id='word_1_179' title='bbox 800 2601 936 2664; x_wconf 89' lang='lat' dir='ltr'>babetur</span> <span class='ocrx_word' id='word_1_180' title='bbox 948 2618 989 2663; x_wconf 90' lang='lat' dir='ltr'>ex</span> <span class='ocrx_word' id='word_1_181' title='bbox 998 2598 1200 2682; x_wconf 82' lang='lat' dir='ltr'>jocunditate</span> 
     </span>
     <span class='ocr_line' id='line_1_25' title="bbox 9 2704 1199 2792; baseline -0.005 -18"><span class='ocrx_word' id='word_1_182' title='bbox 9 2712 116 2776; x_wconf 81' lang='lat' dir='ltr'>socii.</span> <span class='ocrx_word' id='word_1_183' title='bbox 170 2708 310 2778; x_wconf 79' lang='lat' dir='ltr'>Multum</span> <span class='ocrx_word' id='word_1_184' title='bbox 349 2710 472 2773; x_wconf 87' lang='lat' dir='ltr'>cruoiat</span> <span class='ocrx_word' id='word_1_185' title='bbox 501 2708 690 2792; x_wconf 81' lang='lat' dir='ltr'>peregrinos</span> <span class='ocrx_word' id='word_1_186' title='bbox 729 2706 859 2790; x_wconf 91' lang='lat' dir='ltr'>quidam</span> <span class='ocrx_word' id='word_1_187' title='bbox 888 2705 993 2770; x_wconf 86' lang='lat' dir='ltr'>malus</span> <span class='ocrx_word' id='word_1_188' title='bbox 1026 2706 1131 2768; x_wconf 90' lang='lat' dir='ltr'>soetor</span> <span class='ocrx_word' id='word_1_189' title='bbox 1158 2704 1199 2768; x_wconf 93' lang='lat' dir='ltr'>de</span> 
     </span>
     <span class='ocr_line' id='line_1_26' title="bbox 6 2812 1199 2899; baseline -0.003 -22"><span class='ocrx_word' id='word_1_190' title='bbox 6 2814 121 2898; x_wconf 69' lang='lat' dir='ltr'>galba</span> <span class='ocrx_word' id='word_1_191' title='bbox 145 2813 312 2896; x_wconf 74' lang='lat' dir='ltr'>exhalans,</span> <span class='ocrx_word' id='word_1_192' title='bbox 334 2814 389 2898; x_wconf 88' lang='lat' dir='ltr'>qui</span> <span class='ocrx_word' id='word_1_193' title='bbox 410 2833 475 2881; x_wconf 92' lang='lat' dir='ltr'>non</span> <span class='ocrx_word' id='word_1_194' title='bbox 495 2833 635 2899; x_wconf 82' lang='lat' dir='ltr'>semper,</span> <span class='ocrx_word' id='word_1_195' title='bbox 667 2812 726 2884; x_wconf 89' lang='lat' dir='ltr'>sed</span> <span class='ocrx_word' id='word_1_196' title='bbox 754 2831 813 2895; x_wconf 91' lang='lat' dir='ltr'>pro</span> <span class='ocrx_word' id='word_1_197' title='bbox 840 2820 985 2895; x_wconf 88' lang='lat' dir='ltr'>ternpore</span> <span class='ocrx_word' id='word_1_198' title='bbox 1012 2812 1131 2894; x_wconf 88' lang='lat' dir='ltr'>spirat,</span> <span class='ocrx_word' id='word_1_199' title='bbox 1165 2816 1199 2874; x_wconf 91' lang='lat' dir='ltr'>et</span> 
     </span>
     <span class='ocr_line' id='line_1_27' title="bbox 9 2915 1198 2998; baseline 0 -14"><span class='ocrx_word' id='word_1_200' title='bbox 9 2923 60 2984; x_wconf 86' lang='lat' dir='ltr'>ita</span> <span class='ocrx_word' id='word_1_201' title='bbox 86 2917 179 2982; x_wconf 83' lang='lat' dir='ltr'>mele</span> <span class='ocrx_word' id='word_1_202' title='bbox 200 2917 311 2998; x_wconf 84' lang='lat' dir='ltr'>foetet,</span> <span class='ocrx_word' id='word_1_203' title='bbox 332 2926 367 2981; x_wconf 93' lang='lat' dir='ltr'>ut</span> <span class='ocrx_word' id='word_1_204' title='bbox 387 2921 585 2984; x_wconf 87' lang='lat' dir='ltr'>omnisalius</span> <span class='ocrx_word' id='word_1_205' title='bbox 605 2920 709 2982; x_wconf 86' lang='lat' dir='ltr'>foetor</span> <span class='ocrx_word' id='word_1_206' title='bbox 729 2936 793 2980; x_wconf 89' lang='lat' dir='ltr'>non</span> <span class='ocrx_word' id='word_1_207' title='bbox 815 2918 972 2980; x_wconf 86' lang='lat' dir='ltr'>sentiatur</span> <span class='ocrx_word' id='word_1_208' title='bbox 994 2936 1032 2979; x_wconf 94' lang='lat' dir='ltr'>eo</span> <span class='ocrx_word' id='word_1_209' title='bbox 1042 2915 1198 2998; x_wconf 88' lang='lat' dir='ltr'>spirante.</span> 
     </span>
     <span class='ocr_line' id='line_1_28' title="bbox 7 3019 1197 3108; baseline -0.006 -17"><span class='ocrx_word' id='word_1_210' title='bbox 7 3021 200 3104; x_wconf 82' lang='lat' dir='ltr'>Quendam</span> <span class='ocrx_word' id='word_1_211' title='bbox 220 3024 297 3086; x_wconf 89' lang='lat' dir='ltr'>novi</span> <span class='ocrx_word' id='word_1_212' title='bbox 319 3022 461 3107; x_wconf 88' lang='lat' dir='ltr'>militem,</span> <span class='ocrx_word' id='word_1_213' title='bbox 482 3025 538 3108; x_wconf 88' lang='lat' dir='ltr'>qui</span> <span class='ocrx_word' id='word_1_214' title='bbox 560 3025 683 3088; x_wconf 84' lang='lat' dir='ltr'>foetore</span> <span class='ocrx_word' id='word_1_215' title='bbox 703 3022 758 3085; x_wconf 91' lang='lat' dir='ltr'>illo</span> <span class='ocrx_word' id='word_1_216' title='bbox 777 3022 922 3105; x_wconf 86' lang='lat' dir='ltr'>spirante</span> <span class='ocrx_word' id='word_1_217' title='bbox 942 3022 1067 3086; x_wconf 86' lang='lat' dir='ltr'>solebat</span> <span class='ocrx_word' id='word_1_218' title='bbox 1088 3019 1197 3084; x_wconf 87' lang='lat' dir='ltr'>dicere</span> 
     </span>
     <span class='ocr_line' id='line_1_29' title="bbox 8 3125 1197 3212; baseline -0.002 -20"><span class='ocrx_word' id='word_1_219' title='bbox 8 3127 154 3212; x_wconf 75' lang='lat' dir='ltr'>grossis</span> <span class='ocrx_word' id='word_1_220' title='bbox 180 3135 213 3190; x_wconf 91' lang='lat' dir='ltr'>et</span> <span class='ocrx_word' id='word_1_221' title='bbox 232 3128 385 3211; x_wconf 90' lang='lat' dir='ltr'>impolitis</span> <span class='ocrx_word' id='word_1_222' title='bbox 405 3130 516 3192; x_wconf 87' lang='lat' dir='ltr'>verbis</span> <span class='ocrx_word' id='word_1_223' title='bbox 549 3129 762 3194; x_wconf 86' lang='lat' dir='ltr'>theutonicis:</span> <span class='ocrx_word' id='word_1_224' title='bbox 793 3127 932 3192; x_wconf 90' lang='lat' dir='ltr'>hominis</span> <span class='ocrx_word' id='word_1_225' title='bbox 951 3125 1130 3211; x_wconf 89' lang='lat' dir='ltr'>posteriora</span> <span class='ocrx_word' id='word_1_226' title='bbox 1164 3135 1197 3190; x_wconf 90' lang='lat' dir='ltr'>et</span> 
     </span>
     <span class='ocr_line' id='line_1_30' title="bbox 13 3229 1195 3330; baseline -0.008 -28"><span class='ocrx_word' id='word_1_227' title='bbox 13 3234 206 3316; x_wconf 68' lang='lat' dir='ltr'>aratorium,</span> <span class='ocrx_word' id='word_1_228' title='bbox 219 3232 367 3316; x_wconf 87' lang='lat' dir='ltr'>latrinae,</span> <span class='ocrx_word' id='word_1_229' title='bbox 389 3234 546 3317; x_wconf 86' lang='lat' dir='ltr'>sentinae,</span> <span class='ocrx_word' id='word_1_230' title='bbox 568 3242 695 3298; x_wconf 83' lang='lat' dir='ltr'>stereus</span> <span class='ocrx_word' id='word_1_231' title='bbox 717 3242 750 3294; x_wconf 88' lang='lat' dir='ltr'>et</span> <span class='ocrx_word' id='word_1_232' title='bbox 772 3233 874 3314; x_wconf 89' lang='lat' dir='ltr'>urina,</span> <span class='ocrx_word' id='word_1_233' title='bbox 894 3249 1012 3296; x_wconf 83' lang='lat' dir='ltr'>caseus</span> <span class='ocrx_word' id='word_1_234' title='bbox 1036 3229 1195 3330; x_wconf 80' lang='lat' dir='ltr'>putridus,</span> 
     </span>
     <span class='ocr_line' id='line_1_31' title="bbox 14 3335 1196 3422; baseline -0.004 -21"><span class='ocrx_word' id='word_1_235' title='bbox 14 3339 177 3422; x_wconf 79' lang='lat' dir='ltr'>cadaver,</span> <span class='ocrx_word' id='word_1_236' title='bbox 199 3346 231 3400; x_wconf 91' lang='lat' dir='ltr'>et</span> <span class='ocrx_word' id='word_1_237' title='bbox 251 3339 336 3402; x_wconf 88' lang='lat' dir='ltr'>inter</span> <span class='ocrx_word' id='word_1_238' title='bbox 359 3339 492 3419; x_wconf 85' lang='lat' dir='ltr'>pedioas</span> <span class='ocrx_word' id='word_1_239' title='bbox 515 3339 667 3420; x_wconf 76' lang='lat' dir='ltr'>misticus,</span> <span class='ocrx_word' id='word_1_240' title='bbox 688 3337 795 3400; x_wconf 89' lang='lat' dir='ltr'>omnia</span> <span class='ocrx_word' id='word_1_241' title='bbox 815 3337 898 3398; x_wconf 87' lang='lat' dir='ltr'>haee</span> <span class='ocrx_word' id='word_1_242' title='bbox 918 3343 996 3398; x_wconf 89' lang='lat' dir='ltr'>sunt</span> <span class='ocrx_word' id='word_1_243' title='bbox 1021 3335 1196 3397; x_wconf 78' lang='lat' dir='ltr'>aromatica</span> 
     </span>
     <span class='ocr_line' id='line_1_32' title="bbox 16 3436 1194 3526; baseline -0.002 -22"><span class='ocrx_word' id='word_1_244' title='bbox 16 3451 178 3526; x_wconf 78' lang='lat' dir='ltr'>respectu</span> <span class='ocrx_word' id='word_1_245' title='bbox 195 3442 285 3507; x_wconf 88' lang='lat' dir='ltr'>illius</span> <span class='ocrx_word' id='word_1_246' title='bbox 307 3441 450 3510; x_wconf 75' lang='lat' dir='ltr'>foetoris.</span> <span class='ocrx_word' id='word_1_247' title='bbox 473 3441 633 3520; x_wconf 82' lang='lat' dir='ltr'>Quamvis</span> <span class='ocrx_word' id='word_1_248' title='bbox 655 3449 761 3505; x_wconf 87' lang='lat' dir='ltr'>autem</span> <span class='ocrx_word' id='word_1_249' title='bbox 775 3439 819 3501; x_wconf 87' lang='lat' dir='ltr'>sit</span> <span class='ocrx_word' id='word_1_250' title='bbox 839 3437 937 3500; x_wconf 88' lang='lat' dir='ltr'>valde</span> <span class='ocrx_word' id='word_1_251' title='bbox 955 3436 1060 3500; x_wconf 89' lang='lat' dir='ltr'>malus</span> <span class='ocrx_word' id='word_1_252' title='bbox 1081 3437 1194 3525; x_wconf 87' lang='lat' dir='ltr'>foetor,</span> 
     </span>
     <span class='ocr_line' id='line_1_33' title="bbox 16 3541 1194 3628; baseline 0 -18"><span class='ocrx_word' id='word_1_253' title='bbox 16 3567 89 3613; x_wconf 93' lang='lat' dir='ltr'>non</span> <span class='ocrx_word' id='word_1_254' title='bbox 123 3555 229 3615; x_wconf 87' lang='lat' dir='ltr'>tamen</span> <span class='ocrx_word' id='word_1_255' title='bbox 262 3543 363 3606; x_wconf 88' lang='lat' dir='ltr'>laedit</span> <span class='ocrx_word' id='word_1_256' title='bbox 394 3553 509 3627; x_wconf 86' lang='lat' dir='ltr'>eaput,</span> <span class='ocrx_word' id='word_1_257' title='bbox 535 3561 598 3608; x_wconf 88' lang='lat' dir='ltr'>nee</span> <span class='ocrx_word' id='word_1_258' title='bbox 628 3545 717 3608; x_wconf 87' lang='lat' dir='ltr'>vires</span> <span class='ocrx_word' id='word_1_259' title='bbox 748 3541 913 3624; x_wconf 88' lang='lat' dir='ltr'>debilitat,</span> <span class='ocrx_word' id='word_1_260' title='bbox 940 3559 1000 3604; x_wconf 86' lang='lat' dir='ltr'>nee</span> <span class='ocrx_word' id='word_1_261' title='bbox 1020 3543 1194 3628; x_wconf 83' lang='lat' dir='ltr'>appetitum</span> 
     </span>
     <span class='ocr_line' id='line_1_34' title="bbox 19 3643 1195 3731; baseline -0.005 -17"><span class='ocrx_word' id='word_1_262' title='bbox 19 3653 124 3731; x_wconf 88' lang='lat' dir='ltr'>tollit,</span> <span class='ocrx_word' id='word_1_263' title='bbox 144 3667 204 3726; x_wconf 81' lang='lat' dir='ltr'>poe</span> <span class='ocrx_word' id='word_1_264' title='bbox 224 3646 266 3709; x_wconf 88' lang='lat' dir='ltr'>ad</span> <span class='ocrx_word' id='word_1_265' title='bbox 296 3649 451 3712; x_wconf 90' lang='lat' dir='ltr'>vomitum</span> <span class='ocrx_word' id='word_1_266' title='bbox 471 3647 616 3729; x_wconf 88' lang='lat' dir='ltr'>impellit,</span> <span class='ocrx_word' id='word_1_267' title='bbox 643 3645 704 3708; x_wconf 87' lang='lat' dir='ltr'>sed</span> <span class='ocrx_word' id='word_1_268' title='bbox 735 3646 840 3709; x_wconf 87' lang='lat' dir='ltr'>solum</span> <span class='ocrx_word' id='word_1_269' title='bbox 871 3643 1034 3712; x_wconf 89' lang='lat' dir='ltr'>odoratum</span> <span class='ocrx_word' id='word_1_270' title='bbox 1062 3647 1195 3714; x_wconf 84' lang='lat' dir='ltr'>offendit</span> 
     </span>
     <span class='ocr_line' id='line_1_35' title="bbox 23 3748 1194 3835; baseline 0.003 -18"><span class='ocrx_word' id='word_1_271' title='bbox 23 3764 58 3817; x_wconf 91' lang='lat' dir='ltr'>et</span> <span class='ocrx_word' id='word_1_272' title='bbox 84 3758 142 3816; x_wconf 87' lang='lat' dir='ltr'>est</span> <span class='ocrx_word' id='word_1_273' title='bbox 164 3749 298 3832; x_wconf 85' lang='lat' dir='ltr'>amplior</span> <span class='ocrx_word' id='word_1_274' title='bbox 317 3750 352 3812; x_wconf 92' lang='lat' dir='ltr'>in</span> <span class='ocrx_word' id='word_1_275' title='bbox 373 3751 513 3835; x_wconf 82' lang='lat' dir='ltr'>antiquis</span> <span class='ocrx_word' id='word_1_276' title='bbox 532 3748 637 3834; x_wconf 74' lang='lat' dir='ltr'>geldis</span> <span class='ocrx_word' id='word_1_277' title='bbox 660 3769 755 3834; x_wconf 82' lang='lat' dir='ltr'>quam</span> <span class='ocrx_word' id='word_1_278' title='bbox 774 3751 809 3816; x_wconf 91' lang='lat' dir='ltr'>in</span> <span class='ocrx_word' id='word_1_279' title='bbox 830 3753 933 3816; x_wconf 83' lang='lat' dir='ltr'>novis.</span> <span class='ocrx_word' id='word_1_280' title='bbox 955 3749 1087 3818; x_wconf 85' lang='lat' dir='ltr'>Praeter</span> <span class='ocrx_word' id='word_1_281' title='bbox 1108 3755 1194 3822; x_wconf 87' lang='lat' dir='ltr'>buno</span> 
     </span>
     <span class='ocr_line' id='line_1_36' title="bbox 26 3855 1193 3945; baseline 0 -23"><span class='ocrx_word' id='word_1_282' title='bbox 26 3859 186 3922; x_wconf 83' lang='lat' dir='ltr'>faetorem</span> <span class='ocrx_word' id='word_1_283' title='bbox 206 3855 332 3938; x_wconf 86' lang='lat' dir='ltr'>spirant</span> <span class='ocrx_word' id='word_1_284' title='bbox 350 3855 414 3940; x_wconf 86' lang='lat' dir='ltr'>ulii,</span> <span class='ocrx_word' id='word_1_285' title='bbox 430 3874 494 3920; x_wconf 91' lang='lat' dir='ltr'>non</span> <span class='ocrx_word' id='word_1_286' title='bbox 515 3855 645 3940; x_wconf 80' lang='lat' dir='ltr'>quidem</span> <span class='ocrx_word' id='word_1_287' title='bbox 664 3857 712 3918; x_wconf 88' lang='lat' dir='ltr'>ita</span> <span class='ocrx_word' id='word_1_288' title='bbox 732 3859 861 3944; x_wconf 89' lang='lat' dir='ltr'>intensi,</span> <span class='ocrx_word' id='word_1_289' title='bbox 872 3858 931 3927; x_wconf 86' lang='lat' dir='ltr'>sed</span> <span class='ocrx_word' id='word_1_290' title='bbox 952 3863 1057 3945; x_wconf 82' lang='lat' dir='ltr'>magis</span> <span class='ocrx_word' id='word_1_291' title='bbox 1073 3861 1193 3943; x_wconf 84' lang='lat' dir='ltr'>nocivi,</span> 
     </span>
     <span class='ocr_line' id='line_1_37' title="bbox 25 3945 1195 4048; baseline -0.003 -22"><span class='ocrx_word' id='word_1_292' title='bbox 25 3972 61 4026; x_wconf 90' lang='lat' dir='ltr'>ut</span> <span class='ocrx_word' id='word_1_293' title='bbox 79 3963 123 4031; x_wconf 89' lang='lat' dir='ltr'>de</span> <span class='ocrx_word' id='word_1_294' title='bbox 142 3951 329 4045; x_wconf 75' lang='lat' dir='ltr'>unnafibus,</span> <span class='ocrx_word' id='word_1_295' title='bbox 352 3960 394 4024; x_wconf 90' lang='lat' dir='ltr'>de</span> <span class='ocrx_word' id='word_1_296' title='bbox 414 3961 544 4029; x_wconf 86' lang='lat' dir='ltr'>eaoabis</span> <span class='ocrx_word' id='word_1_297' title='bbox 565 3959 771 4048; x_wconf 87' lang='lat' dir='ltr'>infirmorum,</span> <span class='ocrx_word' id='word_1_298' title='bbox 794 3963 835 4044; x_wconf 79' lang='lat' dir='ltr'>de</span> <span class='ocrx_word' id='word_1_299' title='bbox 857 3945 1072 4032; x_wconf 83' lang='lat' dir='ltr'>reservaoulis</span> <span class='ocrx_word' id='word_1_300' title='bbox 1103 3963 1195 4026; x_wconf 85' lang='lat' dir='ltr'>olba-</span> 
     </span>
    </p>
   </div>
   <div class='ocr_carea' id='block_1_4' title="bbox 13 4064 1196 4366">
    <p class='ocr_par' dir='ltr' id='par_1_4' title="bbox 12 4064 1196 4366">
     <span class='ocr_line' id='line_1_38' title="bbox 30 4064 1195 4156; baseline -0.014 -17.243"><span class='ocrx_word' id='word_1_301' title='bbox 12 4069 156 4156; x_wconf 78' lang='lat' dir='ltr'>riorum,</span> <span class='ocrx_word' id='word_1_302' title='bbox 183 4084 351 4149; x_wconf 82' lang='lat' dir='ltr'>caseorum</span> <span class='ocrx_word' id='word_1_303' title='bbox 373 4077 406 4131; x_wconf 91' lang='lat' dir='ltr'>et</span> <span class='ocrx_word' id='word_1_304' title='bbox 426 4070 582 4148; x_wconf 73' lang='lat' dir='ltr'>earnium,</span> <span class='ocrx_word' id='word_1_305' title='bbox 605 4077 638 4132; x_wconf 88' lang='lat' dir='ltr'>et</span> <span class='ocrx_word' id='word_1_306' title='bbox 658 4068 700 4132; x_wconf 89' lang='lat' dir='ltr'>de</span> <span class='ocrx_word' id='word_1_307' title='bbox 721 4069 814 4156; x_wconf 84' lang='lat' dir='ltr'>aquis</span> <span class='ocrx_word' id='word_1_308' title='bbox 834 4071 982 4156; x_wconf 74' lang='lat' dir='ltr'>putridis,</span> <span class='ocrx_word' id='word_1_309' title='bbox 1005 4072 1047 4134; x_wconf 84' lang='lat' dir='ltr'>do</span> <span class='ocrx_word' id='word_1_310' title='bbox 1066 4064 1195 4134; x_wconf 77' lang='lat' dir='ltr'>lectulis</span> 
     </span>
     <span class='ocr_line' id='line_1_39' title="bbox 32 4161 1196 4260; baseline -0.019 -17"><span class='ocrx_word' id='word_1_311' title='bbox 32 4181 64 4234; x_wconf 88' lang='lat' dir='ltr'>et</span> <span class='ocrx_word' id='word_1_312' title='bbox 84 4172 282 4241; x_wconf 78' lang='lat' dir='ltr'>vestimentis</span> <span class='ocrx_word' id='word_1_313' title='bbox 310 4173 484 4238; x_wconf 88' lang='lat' dir='ltr'>sudoribus</span> <span class='ocrx_word' id='word_1_314' title='bbox 516 4174 643 4260; x_wconf 83' lang='lat' dir='ltr'>plenis,</span> <span class='ocrx_word' id='word_1_315' title='bbox 677 4174 724 4252; x_wconf 40' lang='lat' dir='ltr'>da,</span> <span class='ocrx_word' id='word_1_316' title='bbox 757 4177 884 4239; x_wconf 76' lang='lat' dir='ltr'>stabulo</span> <span class='ocrx_word' id='word_1_317' title='bbox 922 4177 1118 4244; x_wconf 66' lang='lat' dir='ltr'>bestiarum,</span> <span class='ocrx_word' id='word_1_318' title='bbox 1155 4161 1196 4222; x_wconf 87' lang='lat' dir='ltr'>do</span> 
     </span>
     <span class='ocr_line' id='line_1_40' title="bbox 13 4251 1196 4366; baseline -0.028 -3"><span class='ocrx_word' id='word_1_319' title='bbox 13 4251 187 4361; x_wconf 47' lang='lat' dir='ltr'>*monim</span> <span class='ocrx_word' id='word_1_320' title='bbox 214 4279 255 4343; x_wconf 75' lang='lat' dir='ltr'>do</span> <span class='ocrx_word' id='word_1_321' title='bbox 284 4282 429 4366; x_wconf 74' lang='lat' dir='ltr'>senona,</span> <span class='ocrx_word' id='word_1_322' title='bbox 453 4281 495 4348; x_wconf 76' lang='lat' dir='ltr'>oa</span> <span class='ocrx_word' id='word_1_323' title='bbox 528 4281 655 4346; x_wconf 69' lang='lat' dir='ltr'>miseris</span> <span class='ocrx_word' id='word_1_324' title='bbox 680 4281 835 4364; x_wconf 60' lang='lat' dir='ltr'>gneum</span> <span class='ocrx_word' id='word_1_325' title='bbox 857 4277 899 4342; x_wconf 71' lang='lat' dir='ltr'>oe</span> <span class='ocrx_word' id='word_1_326' title='bbox 926 4276 1043 4358; x_wconf 75' lang='lat' dir='ltr'>quibus</span> <span class='ocrx_word' id='word_1_327' title='bbox 1065 4259 1196 4323; x_wconf 75' lang='lat' dir='ltr'>exhalat</span> 
     </span>
    </p>
   </div>
   <div class='ocr_carea' id='block_1_5' title="bbox 0 0 1362 4798">
    <p class='ocr_par' dir='ltr' id='par_1_5' title="bbox 0 0 1362 4798">
     <span class='ocr_line' id='line_1_41' title="bbox 0 0 1362 4798; baseline 0 2"><span class='ocrx_word' id='word_1_328' title='bbox 0 0 1362 4798; x_wconf 95' lang='lat' dir='ltr'> </span> 
     </span>
    </p>
   </div>
  </div>
 </body>
</html>
