2736 4768
139 333 217 398 mitri
238 338 271 394 et
288 328 434 410 virtuosa
450 328 524 392 viso
540 327 655 410 tuerat,
676 342 763 392 nmrc
779 327 902 412 gravis,
919 338 1040 410 emere,
1057 325 1174 410 otioso,
1185 325 1306 412 mans,
1357 289 1358 300 ἵ

139 446 173 501 et
204 437 323 500 vitiosa
352 430 531 496 videbatur.
584 432 774 501 dte-fremui
804 435 839 498 in
870 449 924 496 me
953 433 1043 514 ipro,
1085 431 1172 515 quod
1200 433 1307 516 ipsum

135 556 318 626 aggressus
352 537 415 622 fui,
447 545 481 600 et
513 555 643 620 omncs,
678 539 733 620 qni
758 538 837 602 mihi
864 555 939 600 eum
967 535 1207 622 dissuaserunt,
1242 540 1309 606 iam

138 648 276 729 optimos
312 644 456 729 fautores
487 651 521 706 ot
556 657 657 706 verus
693 643 820 711 amieos
853 641 1013 728 judicavi,
1053 643 1110 726 qni
1141 661 1221 709 veru
1255 663 1310 708 me
1357 705 1358 716 ,

137 751 349 832 induxerant,
378 747 529 810 inimicos
559 747 649 813 vitea
669 762 763 813 meae
791 751 905 813 censui
936 762 1020 812 esse.
1063 749 1106 811 Et
1133 717 1358 832 plusquam

136 855 260 940 placuit
281 853 359 918 mihi
378 851 492 915 videre
513 849 684 938 smum,
706 871 803 937 quam
825 863 941 918 terrem
963 847 1136 938 Ciminum
1158 863 1193 917 et
1212 855 1311 923 Ulmo

137 960 257 1024 meiius
285 957 394 1040 sapuit
425 957 519 1042 mihi,
550 972 648 1040 quam
679 957 903 1043 ierosolyma,
932 967 965 1022 et
985 959 1079 1025 timor
1102 958 1202 1022 maris
1223 975 1311 1040 uug-
1357 1029 1358 1050 χ

141 1071 304 1148 mentatns
335 1070 386 1124 est
417 1062 452 1124 iu
483 1079 554 1146 mc,
593 1068 626 1124 et
657 1067 764 1129 tantas
797 1063 1020 1146 displicentiae
1051 1063 1164 1145 accepi
1194 1071 1311 1134 cmrtrs

137 1170 235 1236 istam
267 1166 575 1252 peregrinationem,
615 1165 703 1250 quod
734 1168 764 1232 si
794 1186 860 1230 uon
890 1165 1130 1232 verecundatus
1160 1167 1310 1252 fuissem,

137 1283 213 1360 post
233 1274 428 1356 Magistrum
459 1271 653 1337 liudwidum
686 1272 910 1356 festinassem,
944 1280 977 1334 et
1005 1282 1080 1336 cum
1109 1289 1151 1339 cc
1178 1271 1312 1336 Ulmum

136 1382 343 1464 reingressus
365 1378 517 1458 fuissem,
539 1383 574 1438 et
591 1376 653 1440 hoc
680 1395 738 1458 pro
761 1384 839 1442 tnnc
866 1395 1026 1442 mmmum
1054 1376 1208 1460 gaudium
1227 1377 1312 1442 mihi

138 1485 267 1550 fuisset.
310 1485 378 1546 Istc
398 1488 506 1542 autem
535 1477 709 1562 maledicta
732 1482 866 1546 tentatio
888 1497 951 1566 per·
969 1492 1068 1546 totam
1088 1487 1176 1546 viani
1197 1481 1233 1544 in
1255 1499 1312 1543 me

136 1589 272 1669 mansit,
293 1595 427 1669 erotque
445 1585 524 1651 nunt
543 1577 617 1666 ω)
638 1584 883 1679 moiespissime,
904 1587 982 1672 qnia
1003 1607 1130 1652 omnem
1160 1584 1310 1648 delecta·
1357 1585 1358 1668 1

137 1693 275 1773 tionem,
297 1699 330 1754 et
352 1689 524 1779 gaudium,
546 1695 579 1750 et
609 1685 760 1752 affectum
766 1735 776 1772 ‚
799 1693 917 1773 quihus
946 1692 1097 1756 laborans
1117 1698 1313 1774 perseverat

139 1804 172 1858 et
193 1801 406 1858 conservatur
437 1793 473 1856 in
496 1809 610 1876 opere,
635 1791 714 1856 urihi
741 1793 891 1879 obstulit,
922 1795 1041 1881 meque
1073 1797 1258 1860 taediosum
1279 1804 1312 1856 et

138 1901 265 1984 pigrum
286 1899 423 1964 reddidit
444 1897 487 1960 ad
524 1895 793 1962 considerandum
824 1900 899 1964 loca
929 1911 1087 1965 terrarum
1108 1881 1312 1982 emerium,

139 2013 173 2068 et
201 2003 486 2086 conscribendum,
518 2010 552 2065 et
573 2001 603 2065 si
631 2001 709 2084 quid
730 2003 864 2087 scripsi,
897 2005 967 2071 viru
998 2007 1076 2070 mihi
1105 2005 1212 2086 intuli,
1246 2002 1312 2088 qui

138 2108 280 2172 taedium
301 2107 463 2170 interdum
482 2107 564 2189 vici,
583 2105 727 2188 improbo
749 2107 867 2172 labore.

224 2213 326 2294 igitur
347 2211 506 2275 Dominus
536 2208 694 2294 Gonnus,-
720 2230 786 2279 ιιιιιι
800 2231 881 2278 sum
905 2208 1025 2279 famulo
1055 2230 1152 2296 quem
1173 2211 1238 2277 etti
1270 2211 1312 2274 dc

139 2319 241 2403 putris
263 2317 384 2381 familia
405 2316 570 2398 elegerat,
592 2323 625 2378 et·
647 2335 710 2402 ego
729 2318 825 2388 simul
836 2318 983 2402 profecti
1004 2317 1119 2393 simus
1137 2315 1180 2379 de
1198 2317 1313 2381 Mem.

138 2423 270 2506 mingere
276 2467 287 2507 ,
325 2430 358 2485 et
378 2422 462 2487 iufra
483 2421 725 2504 pauomuoras
757 2424 879 2511 incepit
924 2425 999 2507 ipse
1019 2443 1072 2488 me
1096 2431 1130 2484 et
1150 2439 1212 2503 ego
1235 2440 1313 2487 enm
1357 2423 1358 2492 1

139 2541 335 2613 agnoscere,
368 2535 401 2590 et
423 2525 484 2592 fuit
516 2528 603 2590 bonu
630 2529 792 2610 proportio
831 2531 915 2592 inter
945 2545 1007 2592 nos
1044 2534 1077 2591 et
1108 2525 1314 2591 conditiones

138 2635 287 2715 nostras,
322 2631 408 2715 quod
427 2641 483 2694 est
501 2629 600 2703 valde
619 2629 809 2696 solatiosum
841 2633 1120 2716 peregrinantibus
1141 2649 1200 2715 per
1219 2630 1313 2694 iiiam

138 2734 237 2803 visne.
279 2735 366 2798 stam
396 2737 427 2798 si
452 2735 528 2818 quis
549 2733 647 2798 natet
667 2737 791 2798 socium
822 2753 905 2799 suae
925 2735 1119 2800 conditionis
1145 2755 1209 2798 non
1231 2755 1314 2818 pro·

138 2839 370 2920 portionatum,
402 2857 481 2920 voe,
512 2851 576 2900 vae
596 2838 660 2904 sbi
688 2839 721 2900 in
742 2840 807 2906 ista
841 2841 1108 2924 peregrinatione
1153 2837 1210 2902 Sic
1231 2859 1314 2931 ergo

136 2957 214 3006 cum
241 2940 367 3022 gu=udio
402 2941 494 3023 alpes
529 2931 787 3026 penetravimus,
833 2963 938 3028 usque
981 2945 1024 3011 ad
1059 2947 1236 3028 Iusprugg,
1279 2953 1314 3006 et

140 3052 377 3128 consequenter
398 3063 471 3110 cum
493 3045 700 3121 festinatione
724 3045 955 3145 equitavimus,
974 3057 1011 3150 ut
1032 3049 1190 3113 Venetiae
1213 3047 1314 3111 citius

127 3150 334 3241 *veniremus
377 3151 492 3232 Porro,
525 3169 624 3214 unum
655 3153 790 3259 contigit
822 3128 956 3230 tradis
947 3173 980 3216 ιιι
1012 3152 1188 3244 moritonie,
1220 3151 1314 3234 qnod

139 3236 215 3316 volo
236 3255 384 3318 recitare
420 3249 519 3318 Cum
524 3271 733 3337 venissemus
755 3274 859 3341 usque
881 3257 928 3327 ad
944 3257 1065 3342 viliam,
1086 3272 1188 3341 quae
1186 3255 1314 3322 dicitur

139 3357 181 3419 ud
202 3357 345 3443 Scotum,
361 3367 397 3422 et
412 3357 457 3420 iiri
480 3377 500 3420 e
520 3374 600 3425 vera
621 3367 654 3422 et
676 3363 766 3442 regia
790 3363 847 3425 via
863 3364 1064 3429 arrevirm
1073 3361 1314 3429 Dcittdssettnrs

140 3462 225 3526 cutm
247 3470 386 3526 montem
408 3461 669 3546 ascendisse,·et
688 3485 747 3548 per
774 3466 880 3550 ipsum
902 3477 1060 3554 castrum,
1082 3463 1172 3552 quod
1184 3468 1222 3532 ifr
1243 3468 1313 3533 atto

140 3574 191 3628 est
212 3567 326 3649 situm,
359 3569 535 3651 equitasse.
576 3563 670 3644 Quod
694 3582 758 3634 ndu
799 3573 952 3655 fecimus,
979 3573 1038 3637 scd
1069 3580 1211 3639 mntem
1235 3589 1313 3644 cum

139 3672 246 3733 castro
268 3667 309 3734 od
334 3672 501 3736 sinistram
522 3666 717 3757 dimisimus,
749 3684 782 3738 et
809 3695 870 3758 per
891 3676 1040 3740 aulonem
1071 3673 1311 3758 cosentinus,

139 3775 194 3837 via
215 3777 296 3838 satis
327 3773 453 3839 tritaet
475 3775 580 3859 longa.
627 3778 670 3840 Et
683 3796 767 3842 -curu
787 3780 852 3842 iam
884 3790 976 3846 extra
1007 3760 1222 3845 montanario
1243 3777 1311 3843 alto

138 3881 398 3962 prospiceremus
425 3881 460 3943 in
496 3881 645 3966 pfanmu,
678 3878 822 3950 ¹vidimus
856 3896 932 3950 ante
959 3902 1019 3948 nos
1045 3885 1200 3973 oppidum
1226 3886 1310 3948 sutis

138 4001 310 4070 scamium,
342 3985 383 4048 de
417 4003 481 4067 quo
509 3987 614 4050 mirati
642 4003 773 4072 sumus,
804 3989 880 4074 quia
911 3991 1094 4056 andivimus
1126 3989 1169 4052 de
1199 3988 1311 4074 aliquo

143 4089 278 4174 oppido,
311 4089 352 4152 ad
374 4090 460 4172 qnod
486 4091 617 4155 venturi
646 4107 795 4165 essemus
825 4093 881 4159 illo
909 4095 970 4160 die.
1014 4095 1098 4160 Cum
1130 4104 1237 4158 autem
1266 4093 1309 4159 ad

137 4193 291 4276 oppidum
327 4197 552 4279 venissemus,
598 4195 885 4285 deprehendimus,
924 4219 1001 4266 esse
1041 4204 1240 4284 Bassunam,
1275 4207 1308 4262 et
