2596 4788
553 175 617 240 319

33 353 236 437 pepercit,
254 363 292 418 ut
310 353 449 420 hebetur
471 353 594 432 Genus.
623 355 700 441 ἢ,
720 357 771 422 sic
805 355 963 420 Dominus
996 355 1068 438 ipso
1096 356 1162 422 lilio

26 477 125 522 non
161 459 326 542 pepercit,
360 457 421 528 scd
449 479 522 526 eum
549 479 608 543 pro
639 463 733 524 nobis
764 461 914 526 omnihus
934 458 1075 524 tradidit.
1119 461 1164 526 Ut

4 569 113 624 etur
143 561 244 626 Rom.
267 563 357 626 Vlll.

34 669 172 731 qutu
191 668 281 730 horre
300 665 461 750 cupellam
482 669 524 732 uh
546 677 641 734 extro
658 677 723 732 stet
744 685 810 732 unu
836 675 969 732 vetusto
998 666 1162 750 (mh)

2 791 50 835 or
78 771 277 854 olivetum,
299 789 396 854 quom
416 770 531 836 dicunt
551 789 626 836 esse
646 773 826 856 plantutum
860 775 895 838 in
923 791 962 836 eo
993 773 1083 858 loeo,
1105 775 1162 840 ubi

2 895 44 940 es
72 877 257 943 heesehut
277 877 430 941 cerritus
451 877 537 938 inter
555 894 697 960 vepres,
728 896 825 961 quem
853 875 967 942 obtulit
996 878 1164 946 Abruhotu

34 981 144 1066 lilio,
169 989 209 1044 ut
232 981 351 1046 dicitur
379 982 460 1056 Gen.
492 982 547 1046 22.
595 983 634 1044 lu
661 981 719 1046 ille
748 1000 827 1065 ergo
848 999 947 1045 sucro
973 981 1099 1065 capello
1128 984 1163 1047 in

2 1105 87 1150 rem
113 1103 191 1151 nos
213 1088 462 1168 prostravimus,
483 1093 518 1148 et
539 1103 613 1150 curn
645 1089 845 1152 cretionibus
867 1088 1079 1170 proescriptis
1109 1087 1162 1150 in·

2 1193 176 1274 gentius
215 1191 272 1273 (†)
302 1193 494 1274 recepimus.
542 1190 758 1274 indulgentiis
786 1190 915 1274 odeptis
943 1191 1163 1256 convertimus

2 1315 15 1360 s
41 1295 93 1358 ad
121 1294 415 1378 contemplandum
443 1297 591 1360 eximim
618 1298 723 1380 ipsius
751 1296 906 1360 Abruhoe
935 1296 1162 1378 obedientium,

2 1402 136 1464 usine
162 1404 253 1464 omni
276 1401 530 1472 contradictione
556 1401 662 1465 voluit
688 1400 731 1464 ed
751 1404 881 1466 unicum
901 1401 1033 1466 Domini
1065 1419 1163 1485 prue-

2 1514 103 1587 ptum
130 1524 176 1567 re
211 1503 275 1567 sibi
303 1505 473 1568 carissimu
504 1524 638 1592 curere,
666 1516 700 1570 et
730 1509 984 1570 amentissimum
1013 1505 1163 1572 occidere

2 1613 30 1671 is
56 1611 221 1693 propriis
243 1611 404 1694 menibus,
424 1613 627 1692 unigenitum
637 1630 733 1675 suum
754 1613 817 1676 sibi
837 1612 1030 1676 miraculose
1050 1618 1162 1674 notum

27 1716 199 1800 legitima
214 1733 327 1799 uxore,
348 1716 401 1780 cui
421 1717 654 1799 promissiones
683 1717 791 1782 iectus
823 1717 960 1781 inerunt.
1012 1715 1057 1780 ct
1087 1733 1162 1778 curn

2 1839 15 1882 s
38 1821 219 1896 omnihus,
234 1829 303 1883 erut
323 1820 408 1883 lilius
430 1823 545 1905 bonus,
568 1831 716 1906 sanctus,
738 1823 962 1905 obsequiosicr
1003 1821 1162 1901 cmrribus,

2 1925 127 2008 richer,
151 1943 258 1988 sonus
289 1933 323 1988 et
346 1908 512 1989 innocens.
534 1925 561 1988 0
584 1927 681 2009 qnnle
697 1925 879 2011 exemplum
900 1927 1044 2002 virtutis,
1056 1932 1164 1987 mente

2 2034 153 2112 spicere
186 2029 260 2095 illos
285 2031 322 2094 in
339 2031 403 2094 hoc
428 2030 500 2094 loco
532 2033 567 2092 in
597 2033 742 2113 practico
766 2031 831 2092 hec
850 2030 1044 2094 arduissime
1070 2029 1164 2092 lebo-

2 2143 100 2198 ntes.
149 2135 321 2200 Abruhum
342 2143 415 2199 erut
436 2154 551 2219 senex,
572 2139 668 2200 lsuec
685 2137 783 2203 XXV
805 2153 978 2220 sunctum,
1008 2144 1043 2197 et
1071 2141 1164 2199 erent

2 2239 38 2302 ›li
59 2259 125 2324 per
148 2242 260 2313 omnio
278 2241 374 2324 umbo
394 2241 465 2306 Deo
485 2260 600 2325 perere
622 2243 735 2325 purnti
786 2244 892 2324 Ecm,
927 2241 1032 2325 inquit
1058 2243 1164 2323 huc,

2 2346 85 2410 uhes
107 2365 176 2428 me,
191 2353 293 2427 potor,
315 2347 416 2412 fllium
430 2355 519 2410 tuum
541 2346 584 2413 ed
597 2357 720 2431 votnm,
731 2348 858 2429 stringe
879 2364 996 2412 murus
1015 2353 1050 2407 et
1062 2342 1165 2426 pedes

2 2467 76 2510 reos
98 2450 246 2534 intubus,
267 2451 416 2519 interfice
441 2471 514 2534 me,
541 2453 628 2514 sicin
660 2453 719 2516 tibi
745 2461 785 2514 et
810 2451 883 2514 Deo
915 2460 1026 2514 nostro
1045 2449 1163 2532 placet.

2 2557 9 2609 t
41 2557 239 2638 peregrine,
278 2555 356 2638 quid
394 2565 463 2620 erut
496 2555 611 2624 videre
659 2557 881 2623 venerundum
922 2573 1036 2620 senem
1074 2554 1166 2618 illum

2 2659 132 2722 citando
156 2660 286 2724 fervore
307 2661 410 2744 ligere
429 2681 545 2726 monus
566 2673 600 2726 et
621 2663 724 2748 pedes
744 2663 819 2746 filii,
832 2663 1061 2744 elevatumque
1083 2677 1166 2722 ev·-

2 2765 133 2842 ‚iustum
154 2763 313 2850 gladium,
335 2767 481 2832 utillum
513 2769 693 2850 perimeret.
750 2767 779 2832 0
808 2767 952 2832 inmitto
982 2764 1167 2830 obedientie

2 2869 94 2932 »utris
117 2877 152 2931 et
172 2869 251 2934 lilii!
272 2871 300 2934 0
323 2871 549 2942 ardentissime
569 2874 738 2958 utriusque
749 2873 902 2938 voluntas
918 2871 961 2936 ud
979 2873 1166 2953 obsequen-

2 2970 67 3034 tum
86 2971 179 3036 Deo!
219 2978 296 3038 Heu
319 2976 533 3042 confundetur
562 2977 637 3063 hic,
671 2978 943 3063 reprehendatur,
973 2977 1166 3062 corrigetur,

2 3077 181 3142 emendetur
221 3090 334 3145 nostru
376 3082 577 3167 tepidissimo
626 3085 832 3168 medentia,
865 3083 1017 3151 ulmum
1061 3083 1166 3164 lieu,

2 3190 163 3246 uertuntur
196 3187 351 3271 protelati,
386 3187 527 3254 dumont
557 3192 755 3274 scriptume,
787 3188 989 3272 experientis
1016 3194 1166 3268 testetur,

2 3293 70 3348 roto
89 3287 198 3374 ligent,
221 3293 371 3376 exemplo
392 3294 531 3377 docum3
567 3303 600 3358 et
635 3304 745 3358 umen
764 3295 895 3358 obedire
919 3293 1165 3357 contu-nimus.

2 3386 134 3456 Sunctos
154 3413 232 3478 ergo
252 3397 453 3479 patriarchas
472 3400 665 3464 invocemus
686 3400 793 3466 inlrcc
814 3397 1053 3482 leco‚utdetnr
1072 3394 1168 3460 nobis

2 3498 97 3574 gratie
118 3515 139 3560 α
157 3499 240 3566 Βοο.

30 3743 161 3844 Locus,
185 3749 245 3826 ubi
274 3747 435 3826 occurrit
453 3751 730 3833 Melchisedech
753 3746 926 3830 Abruhae
948 3769 1029 3823 cum
1049 3763 1146 3847 pane

502 3883 541 3950 et
563 3875 659 3951 rinc.

83 4051 156 4114 lude
195 4012 326 4137 egressi
357 4053 394 4118 in
427 4069 523 4118 unum
563 4055 658 4118 olium
681 4055 838 4140 cupellam
869 4069 975 4134 neque
1002 4043 1173 4131 pulchrum

17 4147 123 4218 inducti
134 4176 258 4244 urum,
275 4177 361 4246 quoe
371 4161 408 4224 in
420 4159 492 4224 loco
512 4161 569 4228 illo
589 4167 643 4226 est
658 4167 777 4242 erecto,
798 4160 910 4241 inquo
928 4142 1173 4216 netemsedoch

19 4259 149 4329 sacerdus
169 4260 233 4332 Dei
253 4269 373 4362 minori
392 4276 429 4332 et
447 4269 572 4352 prinus
582 4285 641 4330 rex
652 4261 840 4330 Jerusalem
860 4245 1173 4326 Ahmwowuffi‘r
