2640 4792
130 265 201 324 eum
224 256 341 322 vellem
363 269 500 336 vocare,
522 249 675 316 deberem
695 249 806 314 dicere
829 247 1051 316 (ialelacasaa
1096 251 1205 314 lllum
1233 253 1298 314 ebir

128 361 319 443 asinarium,
351 375 448 444 quem
475 359 549 442 quir
579 357 732 438 inportu
759 355 889 440 Joppen
921 355 1079 441 acquirit,
1110 376 1179 440 per
1214 366 1299 419 loten

128 474 248 530 terram
269 471 416 526 sannam
443 463 593 546 babebit,
622 470 655 524 et
687 461 807 524 nullius
829 461 962 524 alterius
991 462 1122 524 asinum
1145 462 1288 544 accipiet

129 581 163 636 et
183 568 311 655 quaudo
333 577 386 634 est
403 567 619 633 recedendum
641 567 683 630 de
703 567 812 650 aliquo
832 565 922 649 loco,
945 573 1071 650 oportet
1091 569 1295 650 peregrinor

128 695 259 742 currere
279 677 314 737 in
334 675 497 738 asbrerum
518 691 663 756 gregem,
684 680 718 734 et
739 671 884 736 clamose
903 688 987 734 voce
1008 687 1103 734 snum
1127 675 1295 734 asinarium

130 801 269 864 vocare,
300 797 440 864 eumque
461 794 626 864 quaerere.
670 777 776 860 Igitur
797 793 871 840 cum
893 778 926 838 in
948 772 1006 837 illa
1026 777 1182 842 secunda
1215 797 1294 860 pere·

127 881 344 972 grioationea
363 884 445 968 loco,
466 883 522 948 ubi
541 883 673 946 stabant
684 882 854 964 praefecti,
876 877 1132 966 descendissem,
1152 886 1291 965 optabam

129 995 278 1058 iuvenire
297 991 472 1053 asinarium
504 1005 609 1050 merum
639 989 797 1070 priorem,
825 994 858 1049 et
877 995 1051 1075 autequam
1072 989 1111 1048 in
1141 989 1290 1050 asinorun

130 1113 264 1179 gregem
285 1095 442 1178 venirem,
454 1093 593 1159 clamavi
611 1109 738 1157 vomns
758 1092 932 1175 asinarium
946 1109 1058 1170 ,meam
1070 1090 1290 1158 Galelacasse:

131 1201 194 1264 hoc
219 1197 392 1262 audientes
420 1199 476 1262 elii
508 1199 640 1264 asinarii
669 1197 777 1262 nullus
799 1215 851 1260 me
882 1198 982 1260 traxit
1003 1195 1047 1261 ad
1068 1215 1152 1262 suos
1189 1201 1289 1260 asinos

130 1304 281 1368 videntes
319 1322 372 1366 ure
405 1305 525 1368 habere
566 1311 677 1367 notum
717 1303 901 1372 asinarium.
951 1301 1008 1364 Me
1045 1303 1095 1366 sic
1141 1304 1287 1366 clamante

131 1407 279 1472 dominus
306 1410 438 1472 asinarii
459 1407 521 1472 urei
543 1406 672 1486 Galela,
693 1427 789 1493 quem
815 1427 880 1471 non
902 1408 988 1491 novi,
1001 1407 1034 1470 in
1061 1425 1150 1492 equo
1178 1409 1287 1473 sedens

19 1585 20 1600 χ
131 1512 334 1576 Sarracenos
354 1511 452 1576 realis
475 1521 510 1574 et
532 1514 661 1596 nobilis,
682 1513 724 1578 ad
751 1532 802 1574 me
819 1515 994 1598 equitavit,
1017 1521 1050 1576 et
1078 1531 1158 1576 cunr
1183 1513 1286 1593 baculq

19 1625 20 1638 ¹
131 1635 227 1702 quem
249 1620 512 1701 manutenebat,
534 1619 639 1702 tetigit
660 1604 866 1700 me'lcniter,
899 1615 981 1682 dans
1006 1619 1085 1682 mibi
1115 1620 1286 1702 signumn

131 1732 283 1803 tacerem,
300 1737 476 1804 secumque
496 1731 616 1787 starem
637 1725 672 1786 in
693 1723 808 1806 quiete.
831 1723 893 1786 list
915 1725 998 1786 enim
1019 1721 1120 1786 valde
1143 1725 1285 1808 inquietu

131 1844 250 1892 corsos
281 1833 314 1890 et
347 1843 499 1892 recursus
528 1830 768 1912 peregrinorum
800 1837 833 1890 et
864 1829 1092 1912 asinuiorum,
1128 1838 1166 1892 et
1198 1846 1285 1892 omos

132 1933 299 2016 festinant,
323 1939 361 1994 ut
381 1931 620 2016 prevideantur.
663 1932 748 1996 Cum
775 1941 882 1996 autem
915 1934 964 1996 sic
991 1943 1114 1998 starem
1137 1944 1176 1998 et
1195 1949 1284 1998 omner

132 2039 190 2102 alii
210 2046 377 2102 currerent
397 2047 431 2100 et
452 2037 644 2102 ducerentur
666 2039 708 2102 ad
729 2041 856 2122 asinos,
878 2041 1003 2102 anxiari
1025 2038 1137 2121 coepi,
1162 2058 1206 2100 ne
1227 2039 1285 2100 lore

131 2144 335 2207 Sarracenos
349 2141 405 2206 ille
415 2163 469 2206 ,me
487 2144 654 2228 negligere
666 2143 777 2226 vellet,
791 2152 823 2205 et
844 2144 936 2208 nisus
956 2143 1005 2206 sui
1024 2144 1122 2206 abeo
1137 2143 1285 2222 recedere

132 2245 219 2333 quod
250 2254 286 2311 nt
306 2245 407 2330 vidit,
429 2247 619 2333 loquebatur
649 2247 726 2312 mibi
760 2247 928 2312 chaldaice
961 2249 1087 2332 aliqua,
1124 2268 1214 2332 quae
1243 2265 1285 2310 uer

131 2352 297 2418 intellexi:
320 2353 383 2420 boc
400 2360 509 2418 tamen
532 2353 671 2438 dicebat,
693 2354 780 2418 sicut
800 2362 914 2438 postea
934 2353 1095 2436 conjicere
1115 2355 1227 2436 potui:
1247 2355 1286 2416 Su

132 2457 186 2524 hic
208 2478 351 2540 mecum,
382 2475 444 2541 ego
472 2477 546 2524 sam
574 2457 710 2542 (dabla,
739 2467 773 2522 et
804 2476 922 2524 servus
951 2473 1043 2525 meets
1064 2455 1175 2522 Cassa
1195 2462 1284 2522 statio

133 2564 252 2628 adme
280 2564 409 2644 veniet,
441 2567 496 2647 qui
518 2563 575 2628 tibi
596 2565 780 2648 providebit
800 2565 842 2628 de
871 2564 987 2630 bestia.
1032 2563 1179 2628 'landem
1203 2565 1286 2630 Casa

133 2671 224 2733 venit
246 2667 288 2730 ad
310 2667 457 2730 Gulelam
492 2667 656 2734 dominum
677 2681 787 2732 suum:
809 2659 917 2734 stetirir
939 2675 1061 2752 autem,-
1081 2677 1118 2734 ut
1140 2691 1193 2732 me
1216 2671 1286 2752 vidit,

134 2774 270 2855 agnovit
291 2789 358 2852 me,
380 2777 415 2833 et
442 2789 505 2854 ego
528 2791 612 2857 eum,
634 2784 667 2838 et
686 2775 747 2838 ruit
768 2795 858 2840 more
881 2773 1134 2839 Sarracenorum
1155 2776 1189 2838 in
1209 2793 1286 2838 osce

133 2876 200 2940 lum
221 2893 337 2956 meum,
352 2884 385 2939 et
405 2873 584 2942 laetissimo
605 2879 697 2942 vnltu
715 2899 767 2944 me
784 2880 946 2963 suscepit,
966 2877 1138 2964 plurimum
1157 2881 1286 2964 gaudeo

134 2991 167 3044 et
189 2979 352 3043 admirans
383 2980 425 3043 de
456 2980 562 3046 reditu
591 3004 681 3069 meo,
713 2996 747 3047 et
774 2986 875 3050 multa
906 3000 980 3050 cunr
1011 2985 1079 3050 risu
1113 2985 1285 3069 loquebatu

135 3087 223 3169 mibi,
239 3103 323 3168 quae
345 3105 406 3170 ego
427 3105 491 3150 non
512 3088 665 3153 intellexi.
688 3089 853 3160 Duxeram
875 3098 984 3162 autem
1003 3089 1045 3156 da
1066 3088 1162 3159 Uim
1175 3107 1285 3154 mecon

20 3203 22 3292 l
136 3191 217 3260 duas
238 3199 365 3274 strepas
398 3191 539 3276 ferreas,
570 3209 653 3278 quas
681 3195 744 3263 sibi
769 3196 949 3278 propinavi,
979 3211 1065 3280 ques
1099 3212 1172 3258 cnm
1200 3195 1285 3258 mun

136 3299 351 3384 gratulatione
380 3300 544 3383 suscepit:
581 3299 672 3364 duxit
705 3315 783 3384 ergo
816 3319 868 3363 me
898 3301 933 3364 in
954 3314 1087 3384 gregem
1119 3297 1161 3362 ed
1189 3301 1285 3362 asinoe

137 3423 231 3486 suos,
264 3411 297 3466 et
328 3405 481 3487 optimam
516 3405 650 3469 bestiam
682 3405 759 3468 mihi
790 3407 981 3489 assignavit.
1028 3405 1076 3471 nt
1104 3404 1284 3468 mirabantur

136 3508 267 3571 Domini
288 3517 320 3570 et
352 3509 477 3574 nobiles
499 3507 541 3572 de
567 3517 657 3574 tanta
685 3509 857 3574 sarraceni
888 3511 930 3580 ad
961 3531 1017 3585 me
1040 3492 1191 3590 curicitia,
1226 3527 1283 3572 cuo

138 3612 323 3694 frequenter
339 3615 501 3698 peregrini
522 3615 639 3680 multas
661 3613 824 3680 molestius
846 3617 1009 3700 potiantur
1025 3611 1128 3687 asnis
1142 3610 1282 3693 arbaris

138 3717 366 3800 percussiones
403 3727 437 3782 et
470 3718 673 3802 dejectiones
709 3719 751 3782 de
787 3719 889 3784 asinis
921 3729 959 3784 et
989 3719 1091 3786 lrrrta:
1129 3737 1152 3783 a
1181 3722 1282 3804 quibu

138 3821 286 3888 omuibus
318 3821 365 3886 lbi
386 3821 483 3888 liber:
513 3829 651 3890 etaient
672 3827 707 3890 in
727 3825 825 3908 priori
847 3827 1123 3912 peregrinatiane,
1143 3825 1189 3888 ita
1208 3835 1243 3888 et
1262 3827 1281 3888 in

138 3925 194 3990 illa
214 3925 402 3990 fidelissime
432 3929 510 3992 mibi
541 3932 697 4014 servivit,
725 3938 760 3994 et
780 3931 814 3994 in
835 3931 999 4013 omnibns,
1029 3931 1065 3996 in
1085 3931 1196 4014 quibus
1223 3951 1279 3994 eun

138 4032 306 4114 invocavi,
327 4033 578 4116 obtemperavit,
598 4053 636 4098 ec
657 4036 687 4097 si
708 4037 842 4100 fuissem
871 4037 1034 4119 princeps.
1066 4035 1171 4120 Saepe
1189 4040 1279 4100 asinos

144 4155 234 4199 meos
250 4139 404 4216 mutavit,
424 4143 462 4198 nt
486 4137 564 4200 mibi
584 4139 689 4220 magis
709 4137 891 4220 placentem
912 4143 1093 4224 retbrerem,
1112 4141 1145 4204 in
1162 4155 1277 4206 ascensu
