2608 4842
697 121 761 188 tro

144 313 275 374 ruentes
295 306 329 370 in
350 304 518 388 amplexus
539 313 572 368 et
597 303 710 368 oscula
731 321 805 368 oum
841 303 964 370 multis
988 301 1170 386 lachrymis
1187 301 1216 363 ab
1228 303 1259 363 ini

141 431 215 480 cem
237 412 335 476 divisi
359 411 497 494 suerunt,
516 429 575 493 per
594 409 747 474 mundum
767 411 981 494 universnm,
1010 418 1084 476 tres
1114 408 1148 471 in
1172 408 1263 470 omenta

145 525 214 580 tres
234 520 268 581 in
289 514 504 599 occidentem,
535 524 603 578 tres
624 519 658 578 in
681 515 866 602 meridiem,
898 527 981 582 tres
1005 519 1044 582 in
1078 514 1266 596 septentrione

147 627 183 687 ln
214 627 353 708 quatuor
384 629 495 704 partes
527 620 649 691 mundi.
696 623 840 688 Profecti
873 632 960 694 sunt
998 629 1117 686 antem
1146 617 1268 680 Matthiae

144 731 286 796 Thomas
317 736 350 790 et
381 726 647 791 Bartholomaeus
675 747 749 792 cum
780 729 958 812 discipulis
998 729 1055 790 eis
1090 722 1271 788 adhaerentis

143 837 177 900 in
197 833 385 899 orientalem
406 832 553 917 plagam3
570 832 695 897 Petrus
717 853 807 918 vero,
819 833 982 913 Andreas
1010 841 1050 896 ct
1074 831 1213 894 Jacobm
1227 825 1273 904 mic

144 942 179 1006 in
217 937 452 1004 occidentalem
491 955 565 1001 cum
603 939 653 1002 eis
684 938 946 1003 adhaerentibus.
1021 938 1065 998 In
1104 928 1274 996 meridiordo

145 1054 253 1110 autem
273 1049 505 1126 processerunt
526 1041 684 1126 lacobus,
700 1044 869 1108 Johannea
891 1053 923 1106 et
933 1042 1119 1108 Matthias
1138 1057 1203 1102 cnm
1219 1051 1275 1096 eom

144 1150 323 1232 discipulis.
345 1149 383 1210 ln
403 1147 688 1230 septentrionalem
709 1167 788 1212 vera
803 1148 928 1232 Syrnon
942 1158 983 1212 et
999 1146 1184 1210 'Phadaaus
1203 1137 1274 1201 ello·

146 1257 253 1340 lippus
273 1273 346 1318 cum
366 1272 476 1316 eorum
497 1253 595 1318 sociis
616 1253 842 1336 praedicantes
861 1255 1000 1338 ubique,
1015 1261 1058 1316 ut
1080 1247 1223 1315 mundum
1237 1235 1279 1324 qo

148 1360 273 1426 deatum
297 1357 363 1421 fide
383 1359 549 1432 Trinitatis
569 1359 769 1444 insignirent.
813 1358 975 1424 Stetimus
1011 1376 1101 1442 crgo
1123 1357 1157 1420 in
1175 1349 1271 1416 boelio

146 1475 180 1530 et
199 1467 324 1548 gratias
337 1462 409 1526 Deo
431 1467 568 1548 egimus,
587 1465 643 1547 qui
664 1465 704 1526 ab
725 1464 803 1528 hinc
823 1471 956 1528 sanctim
981 1465 1086 1528 misit
1105 1480 1164 1544 per
1183 1452 1273 1520 muudn

146 1569 342 1653 Apostolos,
376 1586 508 1650 quorum
530 1567 595 1632 fide
625 1567 789 1650 fulgentes
822 1570 887 1632 huc
919 1568 1062 1648 reducti
1085 1580 1201 1628 sumus.
1230 1557 1279 1642 roi

147 1676 240 1741 strati
265 1675 376 1757 itaque
402 1672 435 1734 in
468 1680 588 1737 terram
616 1653 835 1756 indulgentias
864 1678 1067 1758 accepimns
1100 1671 1170 1756 (p).
1206 1661 1270 1726 lult

147 1781 219 1847 loco
239 1780 329 1842 venit
351 1778 428 1842 mihi
447 1778 482 1840 in
508 1779 692 1842 memoriam
717 1778 932 1846 lamentabilis
961 1778 1140 1866 quaedam
1168 1765 1267 1852 septnl'l

148 1896 182 1952 at
209 1885 326 1950 divisio
348 1884 481 1948 fratrum
514 1903 657 1948 meorum
685 1881 875 1948 Conventus
901 1885 1091 1967 Ulmensis,
1121 1880 1173 1944 cui
1199 1879 1269 1947 etigr

147 1991 289 2074 interlui,
313 2009 398 2073 quae
419 1989 479 2053 fuit
501 1988 589 2052 faeta
615 2007 698 2051 anno
725 1987 856 2052 Domini
877 1989 959 2054 1476
977 1991 1058 2074 ipso
1083 1987 1137 2050 die
1157 1973 1265 2046 diemout

145 2097 386 2182 Apostolorum.
431 2091 513 2172 Quia
540 2093 625 2159 enim
654 2095 865 2159 adhaesimus
895 2095 1028 2162 domino
1061 2094 1173 2176 Papae
1191 2093 1216 2147 et
1233 2077 1269 2139 Bt

148 2219 245 2266 mana
261 2199 441 2281 ecelesiae,
462 2199 509 2265 uti
531 2197 682 2282 dignum,
710 2185 840 2282 justum
855 2211 888 2263 et
907 2210 1063 2266 sanctum
1087 2204 1171 2275 erat,
1196 2190 1265 2252 inat

149 2305 387 2388 necessarium,
429 2305 533 2368 coacti
565 2304 686 2368 fuimus
723 2307 814 2370 exire
846 2313 1052 2372 conventum
1087 2313 1124 2367 et
1157 2295 1266 2360 nimrim

148 2413 350 2494 Ulmeusem‚
389 2417 422 2474 et
454 2409 552 2474 divisi
580 2410 698 2474 frdmus
727 2411 762 2474 in
794 2420 976 2476 cenventus
1003 2431 1068 2496 per
1108 2394 1264 2492 provincii*

149 2517 338 2582 nolebamus
378 2515 464 2580 enim
511 2516 684 2600 profanare
717 2523 750 2579 et
793 2526 906 2582 contra
946 2517 1133 2600 apostolica
1167 2495 1264 2567 millii

150 2621 274 2706 facere,
297 2630 330 2683 et
353 2621 517 2688 tenuimus
538 2621 745 2686 interdictum
767 2622 846 2706 soli,
869 2632 902 2685 et
923 2622 1126 2704 subjecimus
1145 2627 1198 2677 nos
1213 2599 1264 2683 epit·

148 2744 231 2810 copo
252 2725 328 2790 dato
349 2743 407 2805 per
428 2743 544 2809 papam
566 2736 599 2790 et
620 2727 817 2812 confirmato,
839 2736 872 2792 et
894 2746 959 2791 non
981 2709 1088 2792 electo
1108 2739 1166 2808 per
1182 2710 1263 2792 illi*

148 2830 214 2897 lum
235 2838 269 2892 et
289 2835 475 2893 manutento
506 2849 565 2912 per
584 2832 821 2917 imperatorem.
863 2832 987 2898 Verum
1024 2835 1129 2898 tribus
1147 2813 1264 2888 mensibu

151 2932 356 3004 exulavimus
387 2943 421 2996 et
452 2936 627 3002 reformata
653 2957 735 3022 paee
760 2957 833 3002 eum
861 2956 979 3022 magna
999 2939 1106 3022 gloria
1135 2938 1165 2992 et
1184 2925 1262 2986 liiii

151 3040 296 3106 revocati
319 3039 447 3102 fuimus.
489 3040 703 3108 Decrevimns
725 3063 803 3128 ergo
833 3043 918 3108 diem
947 3043 1116 3110 divisionis
1136 3017 1263 3116 ΛΡΜ

149 3166 220 3212 rum
241 3145 406 3228 perpetuis
441 3149 640 3230 temporibus
671 3149 809 3212 durante
830 3147 1007 3212 Conventa
1035 3141 1207 3214 solemniter
1226 3119 1259 3186 Μ

148 3260 216 3316 toto
239 3249 359 3335 duplici
380 3250 467 3314 festo
489 3253 669 3336 celebrare,
701 3257 734 3318 in
756 3262 947 3338 perpetuam
978 3256 1025 3318 rei
1048 3246 1224 3320 memeritfflr
1243 3229 1263 3288 ⁰¹

142 3358 271 3442 posteri
292 3357 394 3422 nostri
416 3356 542 3422 discant
561 3366 595 3424 et
615 3359 737 3442 sciant,
760 3359 847 3442 qnod
873 3368 1005 3443 propter
1025 3359 1142 3422 nullam
1168 3333 1259 3410 idid*

148 3464 268 3528 tionem
301 3463 439 3528 debeant
482 3464 673 3547 apostolicis
701 3465 862 3529 maridatis
898 3466 1073 3530 contraire:
1105 3456 1162 3527 sed
1190 3440 1261 3533 lm

149 3567 287 3648 exulari,
309 3567 373 3630 imo
393 3577 426 3631 et
448 3571 537 3636 meri.
564 3568 673 3635 Valde
693 3569 795 3636 multa
815 3571 1026 3636 sustinuimus
1046 3577 1179 3654 temporo
1193 3556 1258 3618 mte-

149 3669 244 3754 dicti,
264 3672 361 3754 quasi
381 3671 507 3740 duobus
528 3667 622 3742 omo
644 3675 776 3740 durente
798 3683 860 3738 etc.

153 3833 358 3912 oratorium
392 3835 437 3919 S.
477 3837 660 3918 Johannis
690 3839 968 3942 Evangelistae
995 3831 1036 3918 ¹in
1067 3861 1134 3944 quo
1152 3827 1259 3909 Missam

175 3953 387 4052 celebravit,
411 3957 626 4061 virginique
650 3962 792 4040 Mariae
816 3971 1043 4042 sacramenta
1065 3937 1243 4040 ministrarii

231 4093 337 4176 (1θό
343 4095 397 4178 Δ)
414 4095 447 4158 Α
462 4096 534 4160 loco
549 4100 693 4178 praelato
708 4101 897 4164 recedentes
917 4082 1258 4185 mnseqmnterrnitii

153 4198 194 4264 ad
217 4198 322 4261 locum
349 4197 448 4260 valde
478 4197 647 4277 devotum,
678 4205 735 4264 ubl
766 4201 925 4286 qnondam
947 4206 1037 4269 stetit
1064 4177 1254 4270 cratou'llbin
