2780 4776
54 379 98 444 lit
121 377 164 440 do
183 376 370 458 lrlsqumrc
390 374 561 438 veritatem
583 373 777 436 luculentam
799 373 939 438 solatii.
957 374 1006 456 tt,
1026 373 1226 440 nbihabotnr

54 483 155 546 etiam
176 481 269 543 locus
291 477 513 542 omciflxionis
532 487 563 541 et
584 478 779 561 sepulturae.

55 649 173 741 Quam
204 645 402 744 gloriosum
440 641 524 717 olim
551 640 663 717 suerit
699 642 871 744 templrnn
906 641 948 719 S.
971 643 1164 745 sepulchri,
1188 653 1226 724 ct

316 741 364 818 de
389 741 551 844 reliquiis
577 744 660 842 ejus
687 764 732 816 ac
763 741 957 818 ornatibus.

142 925 326 994 Gloriosum
340 919 437 985 valde
449 921 581 986 luitboc
601 921 754 1004 templum
775 924 850 987 olim
864 932 1025 991 structura
1046 936 1078 992 et
1090 927 1226 1010 cultura,

55 1042 89 1097 et
107 1053 171 1096 non
193 1032 296 1095 solum
319 1037 465 1091 sanctum
500 1034 632 1110 propter
663 1035 779 1091 sancte
811 1029 883 1093 loca
917 1033 951 1094 in
983 1052 1022 1095 eo
1063 1033 1226 1118 conchrsa,

56 1137 120 1202 sed
151 1145 283 1220 propter
319 1133 472 1216 reliquias
500 1132 752 1214 pretiosissimas
789 1135 822 1196 in
862 1155 901 1197 eo
930 1144 1123 1200 reservatas.
1176 1139 1226 1200 lbi

4 1305 5 1308 ,
55 1241 133 1306 οΙίιιι
155 1249 224 1304 crat
244 1237 409 1302 recondita
420 1237 454 1300 S.
478 1256 568 1321 crux,
589 1246 624 1300 ut
644 1245 737 1322 patet
759 1257 859 1321 supra
880 1241 934 1303 iol.
962 1241 1019 1305 111
1042 1240 1096 1324 A,
1120 1241 1227 1306 etalia

53 1345 198 1429 insignia
219 1345 382 1428 passionis
405 1341 527 1405 Christi
556 1361 614 1425 per
639 1353 786 1405 sanctam
818 1344 977 1407 Helenam
999 1355 1136 1428 reperta.
1177 1345 1226 1410 lbi

4 1479 5 1518 t
54 1448 290 1516 ostendebatur
311 1455 426 1512 catena
447 1445 605 1530 qrraedam
631 1467 765 1531 magna,
794 1465 878 1532 quae
908 1449 1046 1513 Domino
1079 1452 1162 1514 Jesu
1192 1452 1227 1515 in

52 1557 163 1637 horto,
182 1553 256 1616 dum
279 1559 458 1635 caperetur,
481 1551 522 1614 ad
543 1552 660 1615 collum
683 1553 742 1615 fuit
763 1554 880 1635 posita,
901 1563 933 1617 et
953 1555 1134 1638 peregrinis
1166 1555 1228 1620 ad·-

55 1657 265 1723 vcnientibus
301 1657 398 1719 ctiam
426 1652 604 1738 ponebatur
636 1657 678 1720 ad
714 1659 846 1741 collum,
875 1666 909 1721 et
938 1660 1058 1722 multae
1091 1661 1228 1726 triantes

54 1765 177 1828 iicbant
197 1783 255 1846 per
276 1781 356 1823 eam.
398 1763 447 1824 lbi
461 1763 556 1824 etiam
578 1762 757 1826 habebatur
779 1763 864 1827 calix
885 1773 1059 1847 argenteus
1082 1785 1228 1852 maguus,

56 1869 100 1932 dc
122 1887 185 1952 quo
195 1867 355 1930 Dominus
375 1868 473 1931 Jesus
494 1866 528 1927 in
547 1866 659 1928 ultima
680 1885 784 1930 coena
806 1869 1057 1932 communicavit
1083 1872 1229 1954 discipu·-

11 2042 13 2046 ,
56 1973 119 2056 los,
141 1973 182 2034 de
204 1992 267 2056 quo
292 1969 383 2032 dicit:
417 1970 471 2032 bio
491 1968 577 2032 calix
606 1988 726 2033 novum
752 1979 981 2034 testamentum
1011 1983 1061 2036 est
1089 1975 1121 2037 in
1155 1993 1227 2038 meo

56 2079 231 2160 sanguine,
258 2077 338 2137 Luc.
366 2076 419 2137 22.
463 2075 512 2138 lbi
549 2075 646 2136 etium
675 2083 744 2138 crat
771 2075 894 2160 pelvis,
921 2077 1039 2162 inquo
1070 2079 1227 2143 Dominus

57 2178 160 2244 Jcsus
182 2179 283 2263 pedes
304 2197 433 2242 suorum
466 2178 694 2262 discipulorum
722 2179 801 2245 levit
821 2181 854 2243 in
886 2179 997 2245 ultima
1027 2200 1137 2248 coena.
1191 2187 1228 2250 ln

4 2323 6 2332 ι
55 2287 120 2351 bac
142 2285 281 2348 ecclesia
302 2285 361 2347 luit
373 2284 449 2347 illud
461 2283 730 2367 pretiosissimum
753 2285 927 2370 sudarium,
944 2285 1229 2373 qnodbeatissima

4 2449 6 2468 ,
56 2392 152 2474 virgo
171 2391 276 2452 Maria
297 2389 532 2472 circumligavit
554 2392 652 2472 capiti
673 2391 804 2455 Domini
824 2393 928 2475 lesu,
960 2408 1032 2455 cum
1071 2393 1112 2456 de
1132 2413 1229 2458 cruce

59 2495 284 2578 deponeretur,
305 2505 340 2559 ut
362 2495 482 2557 dictum
516 2502 567 2557 eat
596 2513 696 2578 supra
723 2497 777 2560 iol.
802 2497 873 2562 117.
919 2497 971 2562 Dc
1005 2498 1068 2562 boc
1099 2497 1228 2564 sudario

58 2602 199 2665 babetur
219 2600 296 2669 Joh.
318 2600 405 2681 XX,
427 2599 512 2683 quod
533 2599 651 2664 Petrus
671 2604 796 2666 intrans
827 2605 861 2666 in
883 2607 1123 2668 monumentum
1147 2603 1229 2666 vidit

58 2706 246 2768 linteamina
268 2706 376 2788 posita
397 2714 428 2767 et
451 2703 626 2791 sudarium,
647 2709 733 2791 quod
762 2709 867 2773 inerat
894 2725 992 2792 super
1019 2717 1118 2792 caput
1145 2709 1228 2772 Jcsu

59 2827 220 2873 noricum
242 2809 483 2872 linteaminibus
505 2815 665 2898 positum,
687 2813 746 2877 sed
773 2815 947 2898 separatim
987 2813 1167 2878 involutum
1196 2795 1229 2876 in

58 2934 159 2978 unnim
180 2915 297 2996 locum,
319 2922 352 2976 et
373 2917 490 2977 mansit
512 2920 557 2980 ita
568 2917 684 3000 jacens
705 2921 738 2982 in
753 2923 924 3004 sepulchro
939 2940 998 3005 per
1015 2921 1137 3004 aliquot
1159 2919 1230 2982 dics

56 3027 135 3104 post
157 3019 280 3084 Christi
301 3021 581 3085 resurrectionem.
626 3021 763 3101 Quidam
786 3033 892 3088 autem
914 3023 1076 3111 Judaens,
1099 3025 1230 3089 volante

59 3127 147 3189 fama
168 3123 210 3188 de
231 3126 467 3188 resurrectione
489 3125 622 3210 Christi,
645 3129 770 3193 occulte
790 3129 995 3213 sepulchrum
1015 3130 1148 3194 Domini
1180 3139 1232 3192 cst

59 3233 239 3314 ingressus,
261 3240 295 3294 et
314 3229 431 3294 videns
452 3231 614 3297 sudarium
635 3235 769 3318 pulchre
790 3236 968 3298 involutum
991 3234 1064 3299 tulit
1084 3233 1162 3298 illud
1196 3235 1230 3295 in

60 3333 189 3400 domum
211 3351 324 3421 suam,
346 3337 422 3419 quia
448 3355 572 3421 pauper
598 3347 630 3403 ct
661 3339 774 3403 infelix
802 3339 950 3404 budaeus
982 3347 1059 3402 erat.
1110 3339 1159 3400 Dr
1191 3355 1231 3400 ea

59 3449 166 3504 autem
189 3442 287 3525 bora,
312 3460 378 3526 que
408 3443 579 3506 sudarium
601 3441 771 3527 (ΙΒΙΑ)
792 3444 825 3505 in
848 3442 976 3508 domum
997 3457 1090 3506 suam
1112 3441 1228 3525 intulit,

58 3543 229 3608 benedixit
249 3545 410 3610 Dominus
432 3548 540 3613 domui
557 3546 686 3632 Judaci,
707 3557 740 3611 et
762 3549 869 3612 iactus
891 3555 943 3610 est
965 3546 1058 3610 dives
1082 3553 1114 3609 ct
1135 3545 1231 3608 incli-

60 3659 124 3714 tus.
163 3649 237 3713 Hoc
259 3659 294 3714 ut
315 3651 461 3717 Judaous
480 3652 660 3737 perpendit,
692 3653 854 3715 sudarium
876 3661 1025 3716 sanctum
1047 3651 1232 3735 diligentis-

60 3756 144 3818 sime
162 3755 309 3839 inclusit,
331 3766 484 3842 tauquam
506 3760 691 3824 thesaurum
713 3758 998 3840 pretiosissimum,
1030 3774 1091 3819 nec
1123 3762 1231 3820 tamen

61 3859 105 3924 ad
126 3859 292 3925 Christum
314 3881 505 3946 conversus,
527 3862 587 3926 sed
607 3863 810 3926 inveteratus
831 3861 872 3925 od
895 3871 1041 3927 extrema
1070 3861 1231 3945 pervenit,

61 3973 94 4026 et
116 3966 305 4030 convocatis
327 3968 442 4032 duobis
463 3967 540 4032 liliis
561 3967 642 4051 suis,
666 3965 780 4031 divisit
801 3967 866 4031 illis
888 3963 1120 4049 substantiam,
1151 3965 1231 4031 deus

61 4067 183 4134 seniori
204 4069 384 4156 sudarium,
406 4082 439 4136 et
455 4073 576 4158 juniori
597 4073 704 4136 omnnia
725 4071 800 4142 alia.
843 4071 959 4138 Senior
980 4079 1088 4136 autem
1109 4069 1232 4156 sprevit

61 4174 237 4260 sudarium,
260 4195 445 4264 quanquam
465 4188 556 4264 pater
577 4179 702 4244 curctis
724 4177 839 4260 opibus
851 4177 1060 4243 diceretcsse
1080 4171 1230 4266 nobilius,

63 4290 97 4342 et
133 4273 206 4344 c'nm
238 4281 338 4348 iratro
367 4297 429 4347 rao
457 4283 604 4368 mutavit,
624 4289 660 4345 et
694 4281 860 4355 sudarium
887 4281 1018 4366 juniori,
1027 4280 1128 4356 cessit
1135 4292 1148 4364 ,'
1178 4273 1233 4362 qui

959 4379 1024 4438 22*
1182 4377 1184 4384 Α
