2644 4786
734 172 799 235 ibt

186 399 246 516 ne
264 437 360 529 1000,
384 434 445 510 uu
469 434 605 514 mavit
627 434 664 509 m
688 435 750 510 ua
776 433 920 535 nouem
940 457 1020 512 om
1034 431 1135 508 nam
1152 437 1253 530 erpo.

270 659 388 724 Finitis
417 660 536 724 Missis
575 661 685 726 statim
717 659 925 724 ascendimus
962 659 1070 721 asinos
1103 663 1132 718 et
1154 651 1183 716 de
1203 661 1258 714 rorte

188 764 379 828 Bethlehem
410 763 586 828 invallem
606 763 852 848 ducendimns,
871 771 918 828 *ut
945 763 1141 828 visitaremus
1163 755 1259 820 wudu

189 867 304 934 Gloria
324 870 358 931 in
379 868 540 952 excelsis,
572 870 628 934 ubi
650 879 800 953 pastores
821 869 999 952 vigilabant
1022 869 1055 930 in
1075 867 1144 929 bora
1158 853 1261 926 na'tiritab

188 972 326 1037 Domini.
370 975 408 1036 in
429 974 502 1055 ipso
523 980 631 1036 autem
652 974 814 1038 descensu
835 976 984 1036 venimus
1007 971 1049 1034 ad
1070 967 1195 1051 capeliam
1209 980 1263 1045 qan-

189 1075 263 1140 dam
291 1078 493 1159 profanatam
515 1086 549 1141 et
568 1078 800 1162 semiruptam,
821 1078 962 1162 quaein
987 1073 1157 1140 memoriam
1173 1069 1265 1148 subjecta

190 1183 238 1244 rei
257 1191 373 1265 gestae
394 1183 501 1246 estin
522 1181 594 1251 ioco
613 1181 670 1246 illo
689 1183 832 1247 fundata
876 1183 1000 1248 Dicunt
1014 1169 1130 1260 ὀιιίιιι,
1157 1172 1216 1257 qnod
1231 1169 1266 1230 bn

190 1286 355 1372 Joeephur
375 1306 417 1350 ex
439 1287 547 1370 angeli
565 1287 715 1369 jussione
736 1287 919 1353 admonitus
940 1289 999 1352 tuit
1023 1305 1080 1370 per
1109 1280 1267 1355 nomniumi

192 1391 319 1474 ingerat
342 1410 414 1456 cum
437 1400 540 1456 matre
561 1402 593 1457 et
614 1392 681 1457 iilic
705 1393 738 1455 in
758 1393 940 1478 Egyptum,
969 1404 1006 1458 ut
1034 1391 1161 1457 babetur
1173 1379 1268 1446 biattbi

192 1493 346 1574 surrexit,
377 1503 409 1557 et
431 1495 602 1560 festinavit
624 1497 739 1580 ingere
760 1499 801 1562 de
822 1499 1032 1581 Bethlehem,
1060 1503 1094 1558 et
1114 1495 1162 1556 bic
1175 1481 1268 1551 umet

191 1603 305 1658 contra
323 1597 458 1684 vallem,
479 1601 596 1665 volens
616 1621 675 1685 per
695 1603 814 1666 vallem
837 1601 1038 1667 descendere
1059 1599 1092 1664 in
1112 1594 1269 1660 encoma

192 1698 267 1761 inde
286 1703 486 1789 ascendere,
520 1715 553 1768 et
575 1714 664 1770 trans
686 1706 862 1770 Jordanem
890 1709 1057 1791 proticisci
1085 1721 1139 1787 per
1159 1700 1271 1774 vitfflrii

191 1820 286 1886 qnam
309 1803 368 1869 fitii
387 1809 489 1872 israel
510 1811 715 1875 intraverunt
746 1821 865 1876 terram
872 1859 882 1896 ,
911 1816 987 1897 qnia
1010 1806 1165 1896 ignoravit
1189 1813 1271 1878 conpr

195 1905 367 1974 diosiorem
378 1914 465 1975 viam
479 1929 555 1978 csso
576 1915 795 1999 qugyptum,
812 1935 886 1980 cum
904 1932 1080 2000 numquam
1097 1908 1272 1996 priuebgrtfl

191 2011 318 2077 viderit.
360 2016 444 2079 Dum
472 2005 580 2082 autem
603 2021 668 2084 buc
688 2023 838 2086 venisset
857 2023 892 2085 in
915 2021 1021 2086 locum
1046 2015 1188 2102 capellis
1202 2005 1272 2072 m

192 2117 223 2180 ei
250 2119 406 2205 angeius,
438 2129 471 2184 et
498 2125 585 2187 viam
607 2124 648 2188 ad
671 2126 805 2190 Hebron
826 2129 858 2190 ei
881 2127 1089 2201 monstravit,
1111 2131 1141 2185 et
1159 2119 1193 2182 de
1207 2111 1274 2176 nebu

192 2215 226 2278 iu
247 2213 389 2304 Gazam,
421 2233 457 2288 et
485 2229 532 2292 ita
557 2250 616 2312 per
641 2247 730 2294 oram
761 2232 859 2294 maris
888 2231 997 2314 magni
1027 2249 1101 2292 eum
1127 2227 1157 2290 in
1182 2221 1273 2301 pgyptu

192 2315 319 2382 direxit.
362 2323 400 2386 In
415 2326 471 2393 illo
490 2351 569 2416 ergo
601 2333 672 2398 ioco
700 2338 845 2399 oratione
874 2334 949 2400 iu'sa
979 2331 1189 2418 indulgentias
1213 2317 1275 2395 recep

193 2441 265 2486 ¹³⁰⁸
287 2423 353 2508 (ὓ
408 2434 567 2520 Acceptis
597 2446 700 2504 autem
734 2441 960 2524 indulgentiis,
988 2457 1065 2503 cnm
1095 2453 1195 2519 parum
1211 2427 1238 2490 ab
1252 2423 1274 2482 bt

193 2523 264 2589 loco
293 2529 596 2626 descendisramns,
627 2544 777 2607 venimus
810 2541 852 2603 ed
880 2547 991 2609 ruinas
1007 2559 1164 2608 murorum
1187 2539 1214 2597 iu
1234 2525 1273 2634 cip

193 2629 249 2693 ubi
271 2636 367 2700 etiam
389 2644 548 2724 quondam
571 2649 729 2731 capellam
751 2651 883 2712 stetisse
897 2630 1275 2732 comprehendimusinbtt

192 2735 239 2798 rei
260 2743 454 2812 memoriam.
498 2747 583 2814 Cum
604 2753 690 2815 enim
711 2753 847 2835 angelus
866 2755 1084 2837 apastoribns
1102 2741 1277 2814 mmm*

192 2839 238 2902 iili
259 2843 293 2904 in
314 2848 370 2910 vie
390 2861 520 2935 essent,
542 2862 579 2916 ut
600 2854 814 2920 ascenderent
835 2841 1080 2921 in'Betbiebem
1109 2851 1149 2916 ad
1175 2833 1277 2909 vitorio

192 2963 326 3025 puerum
349 2960 475 3039 natum,
506 2957 540 3019 in
568 2958 640 3041 ipso
668 2979 809 3024 ascensu
840 2963 995 3026 fluctuare
1026 2960 1209 3043 coeperunt,
1226 2949 1279 3024 μ’

193 3048 278 3112 enim
297 3055 448 3120 cordibus
475 3078 585 3124 eornm
607 3080 645 3126 se
671 3066 841 3149 ingerebat
869 3069 1039 3152 augustia,
1067 3075 1104 3129 ct
1128 3047 1277 3138 inituim*

193 3151 408 3224 haesitatione
432 3164 569 3230 mirabili
589 3168 722 3250 spiritus
744 3185 872 3252 eorum,
900 3185 943 3232 ne
963 3167 1058 3250 vtsio,
1082 3183 1175 3251 qnam
1193 3153 1276 3222 n'iffl'

192 3256 340 3325 seductio
369 3274 401 3329 et
421 3267 529 3334 illusio
550 3279 674 3357 essent,
695 3268 794 3336 'etita
815 3273 947 3357 aliquod
968 3271 1146 3358 pericnlum
1170 3257 1278 3329 utsii*

192 3361 401 3434 incurrerent.
445 3371 593 3459 Cumque
614 3393 714 3460 snper
734 3377 787 3442 iris
807 3377 842 3440 in
855 3375 918 3441 boc
935 3376 1008 3442 loco
1024 3387 1150 3442 stantes
1162 3363 1276 3435 ccttftttii

192 3473 225 3526 et
245 3467 417 3538 Dominum
440 3475 708 3564 deprecarentur,
730 3497 809 3544 ecoe
836 3483 975 3565 angelus
992 3482 1123 3545 Domini
1143 3473 1233 3549 offuit,
1247 3471 1279 3522 Ψ

155 3614 159 3635 ι
193 3585 258 3650 que
278 3573 319 3637 dc
340 3579 386 3642 rei
406 3583 544 3646 veritate
565 3587 729 3650 certificat.
773 3585 838 3665 Qut
852 3575 1059 3670 procidentes
1068 3573 1275 3664 perimant

194 3679 227 3732 et
247 3673 489 3752 festinantiores
508 3689 734 3756 ascenderunt.
775 3694 815 3754 in
835 3691 899 3757 boc
918 3703 997 3774 ergo
1014 3685 1087 3754 loco
1109 3689 1198 3751 etiam
1221 3679 1278 3759 gfm

194 3775 319 3857 egimus
340 3795 373 3848 et
394 3790 614 3876 indulgentias
637 3797 818 3880 recepimus
847 3800 880 3859 et
905 3794 1070 3880 progressi
1091 3807 1197 3858 sumus
1214 3771 1267 3860 iii·l
