2914 4850
641 177 684 244 ld

70 359 277 422 mittuntur.
297 358 399 422 Prout
418 359 496 423 milri
518 359 583 446 ini
604 360 768 443 contigit·
790 357 928 431 Nomos
955 357 1081 425 dnobus
1106 361 1243 447 lregstis

81 465 210 528 latere
229 467 263 528 in
284 465 510 538 Alemannism
537 465 650 528 mlssis
683 464 849 528 licentiam
875 466 972 550 petii,
1000 467 1056 551 qui
1082 465 1242 553 dixerunt,

70 571 227 633 nminem
249 571 371 634 lrsbere
391 571 588 654 fucultatem,
610 571 693 634 nissi
714 587 874 634 smnmum
899 553 1006 655 pspse
1025 573 1242 656 poenitentis-

70 695 151 758 nm‚
174 676 403 762 exsingnlrri‘
420 677 649 740 commissione
672 674 794 740 domiui
813 676 932 759 Pnpce.
977 676 1062 741 ldeo
1082 681 1241 762 magister

70 781 226 844 rnerslis
254 781 376 844 culinis
413 785 517 846 nostri
557 782 637 846 nulli
675 781 767 846 fratri
789 781 966 854 licentiam
999 783 1240 868 Jerosolymcm

70 885 253 964 risitendi)
276 887 395 970 tribuit,
417 887 482 950 nisi
502 889 754 971 praesuppositis
767 905 874 969 pspoc
893 887 1034 970 licentio,
1055 887 1112 952 vel
1129 887 1241 952 lrslrits

70 993 102 1054 el
131 991 305 1080 habende,
338 1001 452 1083 prout
460 1003 553 1084 putet
574 994 609 1056 in
635 993 746 1056 liberis
773 990 1061 1111 'l'estimonislilrus
1085 994 1168 1057 meis
1198 992 1240 1056 de

70 1115 113 1159 sc
136 1097 451 1179 peregrinum

140 1199 320 1278 Quantum
332 1188 396 1265 od
394 1209 554 1286 quartum,
576 1199 665 1285 qnod
685 1199 853 1285 sequitur,
874 1201 940 1264 ism
960 1199 1092 1282 dictum,
1113 1196 1242 1263 scilicet

70 1309 237 1391 ggressio
258 1305 424 1397 actualis
414 1307 519 1388 rpsius
539 1285 818 1388 peregrinstlodis.
866 1303 961 1384 Quod
982 1305 1240 1386 innuitur,cum

70 1415 197 1476 icitur.
220 1413 296 1475 Abi.
319 1411 427 1492 Saepe
441 1429 580 1494 nomque
600 1412 748 1506 contigit,
760 1411 939 1496 quodquis
955 1411 1241 1491 omniepreets'cte

70 1519 170 1599 ubet,
193 1516 319 1579 scilicet
346 1517 562 1600 propositum,
585 1517 766 1579 ordinatum
794 1515 967 1598 affectum,
996 1515 1240 1596 licentium,et

70 1639 169 1684 tmen
190 1639 255 1682 non
269 1619 523 1703 progreditured
544 1619 808 1703 pereginsndnm.
831 1619 896 1698 Qui
920 1620 1107 1691 considerat
1128 1617 1238 1701 operis

70 1727 278 1808 rduitstenr,
315 1733 349 1788 et
382 1725 528 1809 periculo
561 1726 703 1808 mariue,
730 1735 765 1788 et
798 1726 925 1788 viarum
967 1692 1239 1814 discrimina,et

70 1831 265 1895 revitatern.
279 1833 506 1919 expensurum,
529 1829 698 1892 etidcirco
720 1831 809 1892 obire
832 1831 979 1914 negligit.
1032 1829 1132 1892 'l'nles
1159 1836 1237 1891 sunt

69 1936 185 1998 imiles
219 1934 303 2018 illis,
333 1935 388 2017 qui
420 1945 494 1998 cum
526 1935 700 2017 plurimum
740 1934 885 2030 audaces
924 1944 1022 2016 sunt,
1056 1942 1090 1996 et
1116 1951 1237 2015 mogun

72 2037 364 2121 raesumunt„sed
384 2039 419 2100 in
440 2041 653 2122 aggressione
675 2039 851 2122 desistunt,
872 2039 954 2102 vieti
974 2038 1157 2102 timiditate.
1185 2037 1239 2100 lle

70 2148 123 2209 lis
145 2142 396 2206 Alistotelesd.
418 2143 618 2228 Ethicorum,
643 2144 731 2227 quod
741 2143 884 2246 quidum
911 2153 989 2206 sunt
1008 2144 1239 2227 praevolantes

70 2260 136 2314 nte
157 2248 289 2312 bellum.
327 2246 448 2348 jl'slenr
468 2267 530 2330 ιφ
551 2249 631 2330 vidi,
651 2250 708 2331 qni
728 2266 802 2310 oum
818 2251 947 2331 mugnis
968 2249 1238 2313 sollicitudinibus

70 2355 200 2419 btinuit
219 2351 402 2433 licentium,
429 2359 465 2412 et
482 2348 695 2433 congregavit
715 2373 897 2438 expensos,
924 2362 958 2417 et
981 2355 1060 2417 lecit
1083 2355 1147 2417 sibi
1166 2353 1239 2417 lieri

70 2463 176 2522 estes
207 2455 439 2539 peregrinales.
488 2446 556 2518 S'ed
592 2455 669 2518 dum
697 2465 826 2540 tempus
856 2457 1070 2542 aggrediendi
1091 2459 1237 2542 advenit,

70 2563 293 2631 ormidulosus
315 2560 440 2644 resiliit,
460 2561 549 2624 ιιιιιο
572 2563 814 2627 enervationem
840 2573 884 2626 et
903 2564 1022 2632 bunne
1046 2582 1128 2628 sune
1154 2582 1239 2628 evc-

70 2668 558 2742 conmemorans,

144 2775 226 2838 Vidi
247 2776 344 2836 etiem
365 2732 542 2855 quosdam,
564 2773 621 2856 qui
647 2772 823 2890 usquead
852 2793 943 2839 more
969 2780 1145 2856 venerunt,
1177 2768 1240 2834 sed

70 2877 140 2942 lum
168 2877 287 2939 fretum
319 2885 507 2959 comerent,
538 2886 592 2939 et·
603 2877 675 2960 ejus
666 2843 847 2961 periculo
884 2879 997 2942 auditu
1024 2877 1239 2962 perciperent,

70 2983 240 3048 edieruut.
282 2983 335 3064 Et,
359 2981 447 3065 quod
468 2982 606 3063 amptius
627 2993 689 3088 est,
708 2984 777 3047 vidi
807 2981 987 3068 quopditm,
1013 2981 1110 3066 qussi
1133 2995 1240 3064 usque

70 3087 104 3148 td
137 3085 280 3150 medium
310 3088 409 3150 meris
438 3087 612 3172 deductos,
641 3075 697 3171 qr'ri
726 3089 854 3170 fatigati
886 3089 987 3152 maris
1027 3083 1239 3150 incommodis

70 3192 237 3254 redierunt.
261 3192 306 3254 lli
329 3192 456 3274 egressi
476 3191 607 3275 qsfflcm
628 3202 730 3276 erant,
751 3193 811 3256 sed
833 3212 899 3256 non
919 3191 1057 3255 viriliter
1077 3188 1238 3274 aggressi,

70 3295 137 3358 ideo
158 3312 222 3357 non
243 3295 402 3360 obierunt.
446 3295 524 3360 ldeo
546 3296 677 3361 dicitur:
701 3297 878 3386 digredere,
897 3305 931 3358 et
952 3297 1014 3358 sbi.
1109 3273 1122 3301 ⁴
1256 3309 1264 3326 ¹

147 3397 309 3479 Quantum
320 3400 363 3464 od
373 3381 532 3484 quintum,
541 3401 582 3468 de
591 3401 687 3466 modo
699 3402 806 3465 debito
820 3397 1051 3485 peregrinandi
1064 3371 1238 3477 servando,

70 3514 98 3568 et
123 3523 186 3588 qus
204 3506 261 3567 vis
281 3514 407 3590 pergat,
427 3504 629 3588 ostenditur,
651 3524 726 3570 oum
758 3505 979 3567 subinfertur·
1003 3502 1085 3564 Post
1097 3500 1239 3582 vestigio

70 3627 209 3692 gregum
225 3607 372 3693 ἣιιρριο.
397 3611 565 3694 egredere,
588 3619 622 3672 et
642 3611 704 3672 all.
736 3609 842 3672 Multo
864 3609 951 3670 enirn
973 3607 1080 3670 minus
1100 3606 1239 3688 reperiet

70 3715 256 3798 peregrinus
287 3717 322 3780 iu
352 3724 440 3778 terre
449 3710 600 3816 senno,
632 3732 729 3798 quam
767 3713 923 3778 intendet.
974 3712 1122 3775 Intendit
1151 3711 1239 3773 enim

70 3819 293 3902 evagoripdtt
312 3837 434 3904 greges
454 3819 613 3883 sodalium
630 3817 761 3882 Christi
780 3818 928 3903 flednpn
950 3825 1086 3900 poteret.
1107 3815 1239 3879 Utinam

70 3941 242 4007 cumpace
265 3933 299 3988 et
319 3927 428 4010 quiete
457 3933 535 4008 post
553 3923 696 4006 vestigio
726 3939 864 4016 gregum
889 3923 1062 3986 sineretur·
1075 3918 1239 3986 incedere.

70 4031 136 4095 lem
164 4030 265 4114 enim,
294 4031 375 4096 heu!
410 4028 483 4114 (lt)
518 4047 586 4092 non
617 4045 792 4110 possumus
824 4029 919 4112 sequi
944 4025 1076 4090 sodales
1104 4021 1239 4102 Christi,

73 4144 213 4217 posteros
233 4144 375 4220 nostros,
400 4153 465 4199 neo
485 4137 574 4199 inter
592 4141 713 4215 greges
744 4151 854 4198 eornm
880 4131 1053 4212 incedere,
1084 4126 1146 4192 sed
1165 4143 1240 4190 cum
1367 4181 1380 4190 .

82 4240 189 4324 grffllll
209 4238 399 4306 difficulate
419 4249 550 4306 etcum
570 4235 683 4302 timida
703 4239 900 4324 evagatione
933 4234 1075 4344 vestiga
1101 4246 1240 4315 gregum
