2736 4768
622 112 664 183 31

52 291 282 360 intelleximus
304 301 365 356 nos
392 291 488 354 avie
515 291 714 377 declinasse,
746 295 780 357 in
800 295 874 378 ipso
893 260 1004 361 autern
1022 317 1082 384 per
1099 286 1228 373 noctem

53 400 252 482 mansimus,
289 385 386 460 etde
411 397 489 462 vino
517 400 636 483 rubeo,
668 399 826 486 quodibi
858 403 1066 486 praecipuum
1098 408 1227 492 crescit,

5 521 7 558 2
51 505 231 568 adnutum
262 503 412 566 bibimus.
456 503 577 567 'l'aedio
599 513 707 568 tamen
728 505 831 568 multo
854 505 963 571 affecti
985 510 1122 594 suimus,
1150 514 1227 597 quia

5 627 6 658 ff
51 627 150 673 nemo
173 616 242 670 erat
261 608 294 671 in
317 607 473 692 hospitio,
495 610 551 693 qui
570 611 790 676 theutonicum
811 611 980 674 uobiscum
1002 616 1102 679 sciret
1127 616 1225 701 loqui,

5 731 6 770 t
51 724 85 778 et
106 729 169 778 nes
190 712 334 776 italicum
358 711 589 796 ignoravimus,
603 724 636 778 et
656 735 715 798 per
735 717 831 797 sigua
850 717 958 778 omnia
979 721 1224 800 postulavimus.

5 835 6 874 l
131 818 250 898 Altera
270 802 331 879 ‘die
364 817 580 899 equitavimus
616 821 650 883 in
676 820 789 884 Castel
819 821 968 906 Ilranck,
999 833 1032 886 et
1061 824 1138 888 inde
1165 846 1225 910 per

5 955 6 968 κ
50 923 244 1004 Tarvisum,
276 923 386 1004 ibique
425 920 567 986 venditis
601 926 694 1008 equis
731 925 850 988 nostris
880 925 914 988 in
946 928 1041 990 mulis
1078 929 1224 992 Masters

5 1045 6 1084 l
50 1028 223 1111 venimus,
255 1035 288 1088 et
310 1027 397 1089 inde
430 1027 464 1090 iu
497 1033 692 1110 Mergerum.
746 1031 785 1091 lu
813 1029 966 1112 Margara
1000 1050 1080 1096 vcro
1118 1041 1224 1096 terrae

5 1155 7 1218 p
48 1131 276 1214 valefecimus,
298 1141 331 1194 et
353 1131 579 1199 descendimus
600 1133 642 1194 ad
663 1135 800 1196 marein
822 1134 961 1218 barcam
977 1135 1011 1198 in
1032 1153 1098 1220 qua
1118 1155 1223 1223 usque

5 1231 7 1298 l
49 1237 215 1302 Venetias
234 1235 276 1300 ad
301 1235 456 1299 sonticum
476 1236 709 1299 Almannorum
726 1239 962 1320 navigavimus.

5 1361 8 1410 l
135 1341 174 1402 ln
195 1342 267 1422 ipso
289 1348 395 1404 autem
414 1341 550 1404 Fontico
568 1343 840 1424 interrogavimus
863 1342 905 1405 de
925 1345 1067 1426 bospitio
1087 1343 1224 1408 militum

5 1433 7 1506 l
49 1455 84 1508 et
104 1445 357 1528 peregrinorum.
401 1447 444 1509 Et
466 1445 553 1509 ducti
583 1464 696 1510 sumus
720 1465 779 1529 per
810 1447 969 1530 quendam
1001 1449 1222 1512 theutonicum

5 1587 8 1594 ·
49 1550 93 1612 ad
124 1549 160 1612 S.
185 1547 355 1634 Georium,
373 1560 418 1614 ¹et
438 1561 490 1614 ost
511 1551 685 1647 hospitium
713 1569 867 1633 magnum
896 1561 930 1616 et
956 1553 1137 1616 honestum.
1180 1554 1223 1617 Et

5 1709 6 1712 ,
50 1655 239 1719 invenimus
258 1655 304 1718 ibi
332 1655 450 1719 multos
480 1656 605 1720 nobiles
637 1653 679 1717 de
711 1655 850 1719 diversis
881 1657 993 1720 mundi
1024 1657 1221 1740 regionibus,

49 1761 107 1845 qui
131 1759 244 1822 eodem
258 1767 345 1842 voto,
362 1778 425 1844 quo
449 1769 482 1822 et
498 1779 559 1822 nos
578 1759 723 1824 adstricti
735 1760 947 1824 intendebant
962 1781 1051 1826 mare
1069 1767 1220 1846 transire,

48 1873 83 1928 et
106 1867 350 1928 sanctissimum
370 1863 490 1928 domini
499 1865 583 1927 Jeso
604 1865 810 1947 sepulchmm
831 1868 977 1930 visitare.
999 1868 1101 1932 Erunt
1124 1870 1220 1931 etiam

5 1999 6 2002 ¹
48 1974 83 2032 in
118 1969 192 2032 aliis
222 1968 372 2051 hospitiis
403 1969 498 2034 multi
533 1973 696 2052 peregrini
723 1970 911 2034 sacerdotes
936 1981 969 2034 et
995 1972 1160 2055 religiosi,
1188 1979 1222 2034 et

48 2074 237 2156 seculares,
259 2073 386 2138 nobiles
407 2082 440 2137 et
460 2073 638 2159 ignobiles,
657 2073 698 2136 de
720 2073 912 2159 Germania,
933 2075 975 2138 de
996 2074 1105 2140 Gallia
1125 2078 1221 2138 etiam

50 2189 83 2242 et
105 2179 248 2241 Francia
266 2197 365 2260 quam
385 2178 495 2262 plures
517 2187 625 2262 erant,
655 2181 831 2261 praecipue
853 2188 960 2244 tamen
982 2181 1045 2243 duo
1066 2181 1220 2264 episcopi,

47 2284 211 2346 Dominus
224 2281 464 2361 Gobepoensis,
491 2292 524 2346 et
532 2284 691 2348 Dominus
708 2282 973 2367 Senamaneusis,
995 2303 1067 2348 cum
1090 2287 1229 2366 copiosa,

5 2415 6 2452 t
48 2390 245 2453 comitativa
278 2395 312 2450 et
342 2387 464 2450 familia
493 2389 538 2452 ibi
574 2388 808 2470 exspectabant
845 2391 941 2450 navis
972 2406 1157 2469 recessum,
1189 2395 1223 2449 et

49 2491 212 2576 quaedam
238 2495 335 2555 etiam
373 2491 448 2572 (12
458 2491 511 2575 Δ)
534 2493 703 2576 mulieres,
735 2491 884 2575 vetulae,
900 2489 1039 2555 devotae
1057 2500 1226 2555 matronae

50 2598 191 2678 divites,
212 2614 345 2659 numero
375 2597 434 2660 ·v1.
466 2599 511 2660 ibi
534 2605 627 2660 erant
647 2597 842 2679 nobiscum,
855 2597 1067 2660 transfretare
1088 2594 1131 2658 ad
1151 2594 1224 2656 loca

50 2709 168 2764 sancta
195 2703 376 2783 cupientes.
429 2702 568 2764 Miratus
602 2701 648 2763 ini
677 2698 847 2764 audaciam
879 2701 1004 2764 illarum
1031 2700 1223 2778 vetularum,

50 2823 138 2890 qnae
168 2821 207 2866 se
242 2808 333 2888 ipsas
372 2824 451 2890 prae
483 2808 579 2869 sebio
618 2807 704 2868 ferre
740 2808 799 2868 vix
836 2815 1001 2888 poterant,
1045 2813 1078 2868 et
1116 2814 1224 2870 tamen

50 2910 240 2994 fragilitatis
269 2914 418 2994 propriae
458 2911 597 2992 oblitae,
627 2929 737 2977 amore
765 2909 857 2972 illius
891 2919 1026 2974 sauctae
1054 2919 1161 2976 terrae
1188 2911 1223 2970 in

50 3020 250 3080 consortium
273 3015 408 3080 milltsnt
426 3015 583 3098 juvenum
604 3033 642 3076 se
661 3014 867 3099 ingerebant,
881 3022 915 3078 et
934 3015 1078 3079 laborem
1094 3015 1223 3079 fortium

52 3125 198 3186 virorum
220 3121 383 3190 subibant.

93 3229 96 3236 '
136 3225 211 3290 Hoc
238 3224 367 3309 quidem
405 3221 535 3305 superbi
563 3221 689 3286 nobiles
723 3240 822 3306 aegre
856 3223 1000 3287 ferentes
1037 3219 1223 3306 cogitabant

50 3347 182 3414 navem,
201 3334 237 3393 in
259 3348 325 3415 qua
346 3327 605 3398 transducendac
625 3335 738 3390 essent
757 3328 835 3393 illae
853 3337 1027 3411 matronae,
1049 3345 1114 3388 non
1135 3321 1223 3385 velle

49 3433 246 3519 ascendere,
274 3433 444 3516 indiguum
466 3433 692 3514 aestimantes,
720 3433 755 3494 iu
784 3434 965 3498 vemlarum
996 3431 1159 3495 consortio
1181 3427 1222 3490 ad

50 3539 199 3604 militiam
222 3536 462 3621 susmpiendam
483 3553 629 3620 pergere.
658 3537 702 3599 Et
723 3536 766 3599 ad
788 3538 852 3626 lroc
871 3537 1070 3600 conabantur
1091 3533 1222 3616 superbi
1258 3537 1275 3561 ·‘

49 3641 98 3705 illi
121 3658 235 3704 omnes
260 3661 322 3705 uos
349 3639 519 3725 inducere,
550 3660 593 3704 ne
613 3657 731 3704 navem
757 3642 847 3706 illam
878 3641 1155 3721 conduceremus,
1186 3639 1221 3700 in

51 3766 151 3834 quum
169 3747 301 3810 vetulae
319 3757 477 3810 venturae
494 3755 593 3809 erant.
638 3744 705 3809 Sed
727 3745 781 3808 alii
802 3746 920 3812 milites
942 3744 1166 3830 prudentiores
1189 3749 1222 3804 et

52 3853 285 3914 conscientiosi
320 3851 582 3915 contradicebant
614 3845 765 3933 superbis
795 3850 880 3934 illis,
915 3859 948 3914 et
975 3848 1160 3933 gaudebant
1182 3845 1223 3908 de

51 3958 253 4042 poenitentia
293 3956 420 4020 illarum
457 3965 691 4038 matronarum,
733 3965 906 4038 sperantes
913 4002 923 4039 ,
969 3955 1054 4041 quod
1092 3959 1223 4036 propter

53 4060 261 4124 devotionem
298 4079 407 4125 earum
440 4063 606 4143 rraadgatio
637 4067 751 4122 nostra
787 4062 947 4125 salubrior
978 4061 1079 4126 fieret.
1128 4055 1223 4120 Unde

52 4175 187 4250 propter
206 4165 295 4232 illam
317 4183 451 4232 causam
473 4174 544 4232 orta
564 4165 626 4230 fuit
647 4166 733 4230 inter
753 4167 878 4232 nobiles
903 4164 979 4230 illos
1008 4159 1222 4248 implacabilis
