2608 4842
703 100 765 166 302

156 303 260 368 locum
286 297 461 381 punitionis
481 295 743 378 malefactorum,
765 297 798 358 in
822 315 886 379 quo
908 299 1023 379 tures,
1050 298 1252 376 latrones,

156 407 258 490 cidae,
279 404 457 485 blasphemi
478 403 703 485 puniebantur,
734 411 767 464 et
787 411 889 465 morte
911 403 1191 484 plectebantur,
1212 413 1270 464 ut,

156 509 399 576 abominabilem
436 505 609 570 redderent
640 507 774 570 ludaeis
808 509 842 569 in
882 507 1116 590 despectum,
1157 519 1198 568 et
1234 511 1270 570 ita

156 617 321 700 despectio
354 614 416 676 luit
448 612 537 675 facta
570 629 675 695 usque
704 612 745 675 ad
767 611 951 694 Christum,
982 631 1053 694 quo
1092 633 1268 696 resurgen

156 722 354 786 ascendente
386 721 493 802 coepit
526 718 616 782 locus
644 717 750 781 colia
780 717 976 781 Christianis
1000 727 1035 780 et
1068 722 1251 780 venerari.

81 811 86 822 ¹
155 829 219 894 hoc
240 826 409 891 idololatra
432 824 549 886 Helius
572 824 737 888 Adrianus
759 827 931 907 imperator
952 843 1019 886 non
1055 823 1244 887 sufferens
1267 841 1270 884 t

155 935 243 1020 plum
266 931 406 996 Veneris
428 931 475 992 ihl
496 933 694 1013 construxit,
717 939 748 992 et
770 937 908 991 statuam
935 929 1136 992 meretricis
1162 933 1201 991 in
1222 949 1268 991 sao

155 1039 328 1104 Calcariae
350 1037 472 1118 ererrit,
508 1044 542 1096 et
564 1037 610 1098 ita
631 1036 736 1099 locum
760 1034 1003 1118 dehonestavit,
1039 1051 1129 1098 eum
1162 1035 1270 1097 christi.

155 1163 290 1207 exosum
315 1143 451 1223 faciens,
475 1148 509 1204 ut
520 1141 740 1224 Hieronymus
762 1141 858 1203 hahet
879 1141 912 1200 in
933 1139 1080 1222 epistola
1105 1141 1154 1202 arl
1169 1141 1270 1201 Paullo

155 1251 197 1312 nt
210 1249 327 1311 marisii
345 1250 388 1312 ita
406 1255 534 1308 centum
551 1255 584 1308 et
595 1249 762 1330 octoginta
781 1245 875 1307 annis
886 1246 1122 1309 abominabilis
1135 1245 1270 1308 christia

157 1372 327 1438 quousque
350 1353 383 1414 S.
409 1353 537 1414 Helena
569 1352 776 1434 supervenit,
810 1359 842 1411 et
864 1349 1029 1414 eliminata
1056 1354 1159 1414 omni
1189 1371 1270 1433 spon·

156 1461 262 1523 locum
297 1457 433 1520 mirifice
466 1457 648 1538 decoravit,
680 1463 717 1518 ut
741 1455 864 1537 patebit
892 1455 925 1516 in
957 1457 1071 1539 templi
1106 1457 1270 1538 descriptio

152 1563 206 1626 De
237 1564 299 1625 hoc
333 1571 441 1623 monte
475 1561 552 1625 vide
582 1563 667 1625 inira
695 1559 752 1628 fol.
783 1559 853 1624 idi).
878 1568 912 1622 et
932 1561 1002 1623 255.
1047 1565 1097 1626 Et
1120 1566 1156 1626 in
1191 1581 1270 1624 seran

155 1669 242 1731 boati
262 1666 441 1730 Bernhardi
473 1667 514 1730 ad
533 1669 650 1731 milites
671 1667 800 1751 templi,
826 1663 863 1728 Ο.
888 1664 937 1730 10.

155 1900 425 2000 Da1000‚ubi
451 1902 623 1982 Christus
649 1903 846 1978 crucifixus
872 1903 957 2000 suit,
994 1903 1096 1978 etin
1126 1928 1198 2004 quo
1221 1901 1270 1980 lo

311 2014 409 2080 testa
432 2013 580 2108 reperta
603 2002 690 2096 suit,
715 2013 753 2078 et
777 2001 824 2078 dc
849 2003 1012 2078 scissura
1036 2013 1182 2105 petrae.

247 2186 343 2269 Rupe
377 2195 491 2248 sancta
525 2185 714 2250 deosculata
746 2203 818 2248 cum
854 2188 1065 2271 processione
1097 2186 1270 2250 descendirn

155 2313 214 2378 per
234 2293 356 2376 gradus
378 2294 493 2356 iterum
516 2294 556 2357 ad
572 2291 732 2355 ecclesiae
753 2293 981 2376 pavimentum,
996 2301 1028 2354 et
1046 2294 1190 2376 ingressi
1211 2307 1270 2354 sunt

157 2401 330 2483 capellam,
354 2418 437 2481 quae
459 2406 509 2461 est
528 2399 587 2461 sub
608 2395 733 2479 capella
754 2398 872 2458 montis
894 2395 1074 2482 Calvariae,
1096 2397 1139 2462 de
1157 2417 1220 2482 qua
1235 2417 1269 2459 cor

156 2509 261 2588 surgit
299 2506 454 2587 scopulus
476 2505 582 2566 crucis
613 2501 752 2583 Christi,
788 2519 915 2564 sursum
942 2507 1097 2587 usquein
1125 2507 1269 2588 superiora

156 2612 313 2694 capellam
332 2628 369 2672 se
394 2611 522 2673 tollens.
545 2609 583 2672 ln
604 2609 667 2672 hoo
689 2608 759 2670 loco
781 2607 976 2691 procidimus
996 2611 1030 2671 in
1046 2617 1169 2693 terram,
1184 2625 1269 2690 eamqa

156 2734 229 2779 cum
251 2715 350 2777 multa
377 2714 549 2777 devotione
578 2713 756 2777 deoseulati
779 2729 909 2797 sumus,
936 2723 1128 2778 venerantes
1149 2715 1269 2780 Jesuui

158 2839 267 2895 cruce,
292 2820 345 2880 cui
374 2819 418 2881 ibi
451 2818 555 2880 tuerat
582 2819 738 2882 confixus.
782 2817 819 2882 Si
841 2820 925 2881 enim
946 2820 1096 2902 scopulus
1127 2822 1200 2904 fuit,
1229 2823 1268 2882 ain

156 2925 252 2990 hodie
274 2932 342 3006 est,
364 2942 429 2985 non
450 2931 578 3006 poterut
597 2925 631 2986 in
653 2941 691 2986 eo
729 2921 875 3006 cruciligi
908 2923 1076 3007 Christus,
1101 2925 1155 2988 sed
1181 2931 1268 2990 snhn

157 3041 189 3094 et
212 3032 303 3092 locus
325 3027 543 3092 crucifixionis
565 3029 618 3091 hic
639 3028 717 3112 (B)
739 3028 843 3091 fuisse
866 3045 1003 3092 necesse
1024 3037 1088 3114 est,
1108 3034 1240 3114 quamvis
1255 3031 1268 3090 d

155 3137 218 3200 hoc
258 3131 347 3198 nulla
378 3135 538 3197 habeatur
571 3136 731 3217 scriptura
761 3142 815 3197 aut
847 3135 1021 3219 certitudo,
1057 3137 1113 3198 nisi
1140 3138 1216 3220 quod
1238 3137 1268 3198 lot

157 3240 324 3325 dispositio
361 3240 491 3304 videtur
518 3239 550 3302 id
581 3240 762 3308 ostendere.
810 3243 847 3302 ln
876 3242 938 3304 hoc
970 3242 1041 3304 looo
1071 3241 1234 3306 reduximus
1254 3247 1268 3305 in

156 3352 339 3412 memoriam
369 3347 615 3430 ignominiosam
646 3343 767 3408 Christi
799 3346 1059 3431 denudationem,
1080 3350 1217 3429 quomodo
1240 3350 1267 3410 hi

157 3471 230 3516 eum
252 3455 400 3516 omnibus
421 3452 572 3515 vestibus
603 3449 762 3513 nudantes
788 3451 1027 3535 spoliaverunt,
1054 3459 1083 3513 et
1102 3454 1236 3536 quomodo
1251 3455 1267 3514 ir

158 3558 321 3619 exuitione
348 3559 488 3620 vestium
523 3557 658 3620 vulnera
685 3556 719 3617 in
747 3556 964 3638 flagellatione
1000 3566 1119 3638 accepto
1145 3573 1265 3620 renovata

157 3659 297 3743 luerint,
333 3671 366 3724 et
400 3663 562 3743 quomodo
589 3661 728 3724 nudatus
750 3661 783 3724 in
812 3669 898 3724 terra
926 3665 1103 3726 incurvatus
1127 3664 1198 3726 sedit
1213 3681 1264 3746 prae

155 3764 370 3851 verecundia,
400 3769 475 3851 quia
495 3768 636 3832 totaliter
657 3767 765 3830 nudus
785 3777 874 3850 erat,
896 3777 930 3830 et
949 3785 1027 3852 prae
1045 3768 1193 3852 debilitato,
1212 3771 1261 3852 quir

158 3865 301 3951 undique
322 3870 519 3938 dilaceratus
541 3883 618 3938 erat.
666 3875 804 3936 Etcum
826 3873 890 3935 iam
918 3889 999 3937 cmx
1017 3883 1114 3958 parata
1130 3885 1216 3958 esset,
1241 3883 1260 3934 n

154 3971 361 4038 crucifixores
383 3995 456 4039 eum
476 3995 576 4061 super
589 3987 726 4042 ‘crucem
748 3979 875 4042 trahere
893 3973 1027 4064 vallent,
1038 3981 1154 4064 receptis
1168 3981 1258 4044 virilu

153 4081 311 4162 surrexit,
334 4089 367 4142 et
392 4081 532 4163 genibus
553 4083 647 4145 hexis
672 4093 749 4146 ante
780 4101 908 4148 crucem
937 4087 1056 4168 oravit,
1081 4085 1178 4148 dicens:
1203 4101 1257 4146 sus

158 4183 247 4264 cipe,
268 4191 382 4244 sancte
402 4189 499 4262 pater
526 4192 674 4266 aeterne,
706 4205 757 4249 me
779 4185 930 4250 dilectum
962 4187 1060 4254 linum
1082 4197 1160 4272 tuum,
1185 4207 1253 4274 quen
