2640 4792
688 25 754 91 206

140 231 198 300 pro
231 215 283 276 sui
315 207 541 274 stabilimento.
589 209 676 274 Sum
708 211 794 272 errirn
827 207 940 272 altiore
970 208 1006 271 iu
1040 209 1148 292 meri,
1184 219 1301 292 quarm

139 334 235 382 arcus
252 317 361 400 jecere
381 323 498 399 potest,
518 321 634 397 petrae
655 323 687 378 et
708 315 834 398 scopuli
854 313 1021 397 praerupti
1052 313 1301 396 scyllaequet

140 439 238 507 rupes
260 422 301 484 (le
321 419 479 506 proluntlo
501 428 750 502 consurgentes,
770 425 805 481 et
821 437 920 502 super
941 437 1061 502 aquam
1089 433 1301 482 excrescent

139 537 175 594 et
204 529 405 608 eminentes,
434 527 521 587 inter
547 543 629 608 quos
657 542 745 588 mure
776 543 905 608 semper
934 525 1043 587 fremit
1067 527 1193 586 etiam
1219 543 1301 606 ann

139 633 215 696 alili
235 633 384 718 quiescit,
405 638 440 692 et
461 633 603 713 percutit
623 638 733 713 petras
755 646 829 694 cnm
851 639 943 695 tanto
963 634 1109 713 impetu,
1136 628 1240 712 quod
1261 648 1301 710 erp

139 737 234 802 allisa
254 741 287 799 in
310 736 407 800 ullum
428 736 515 819 salit,
537 745 570 798 et
591 739 733 798 sonitum
756 753 905 818 magnum
928 734 1006 798 iacit
1017 781 1028 818 ‚
1051 737 1122 818 qui
1158 755 1228 818 per
1250 735 1301 816 lorp

139 845 237 908 maris
252 849 286 904 et
304 849 409 904 terroe
429 845 536 925 spatis
556 841 693 904 cuditur.
735 843 800 904 His
821 841 963 924 scopulis
985 850 1117 922 septus
1144 850 1206 903 est
1229 854 1301 922 ponr

140 949 204 1031 ille,
226 966 266 1010 ac
290 949 320 1010 si
340 947 550 1010 ertiflciallter
571 949 605 1008 in
627 945 699 1029 ejus
721 949 954 1008 munimentum
971 955 1100 1010 essent
1129 947 1184 1008 ibi
1200 947 1301 1008 circos

140 1053 259 1138 positi:
282 1070 344 1115 nec
364 1060 455 1135 putet
475 1053 588 1135 parvis
606 1053 744 1114 novibus
768 1055 949 1135 ingressus,
971 1053 1038 1114 nisi
1061 1055 1111 1112 eb
1138 1071 1213 1112 una
1248 1064 1301 1132 pan

140 1175 199 1240 per
220 1157 358 1220 medium
380 1158 514 1220 (luorum
537 1158 746 1220 eminentium
767 1157 984 1240 scopulorum,
1010 1177 1076 1238 per
1100 1176 1202 1241 qnos
1224 1173 1301 1238 magu

141 1263 270 1325 cautela
289 1281 391 1325 noves
412 1263 627 1345 inducuntur,
650 1263 728 1344 quia
750 1281 834 1344 equa
854 1264 898 1325 ihi
927 1265 1007 1323 mire
1024 1261 1219 1324 eeleritate
1238 1265 1301 1323 currit

142 1376 175 1429 et
196 1369 332 1429 recurrit
347 1370 529 1449 impetuose
549 1368 591 1430 ad
611 1373 781 1449 utrumqne
801 1375 923 1448 partem
949 1367 1181 1448 scopulorum
1217 1387 1252 1428 se
1268 1366 1301 1426 rl'r

143 1471 232 1534 dens.
257 1474 301 1533 Et
320 1475 387 1533 nisi·
405 1473 590 1536 barcalems
611 1476 684 1536 sive
702 1474 867 1535 bercarius
878 1475 922 1534 sit
946 1475 1237 1555 cirermspeerus,
1249 1491 1298 1552 rpr

142 1579 269 1638 boreum
292 1578 392 1658 rapit,
414 1595 550 1659 cumque
570 1577 714 1660 scopulis
736 1577 851 1659 illidit,
873 1585 907 1639 et
928 1579 962 1639 in
985 1577 1080 1639 mille
1106 1579 1297 1642 frustremu-

143 1681 270 1764 iringit.
309 1681 385 1743 Ideo
407 1682 567 1745 intrantes
587 1691 715 1766 oportet
735 1681 822 1767 qnod
847 1684 1023 1746 fortissime
1044 1701 1147 1745 remo
1170 1691 1296 1746 tumente

144 1785 263 1848 iluctm
285 1786 507 1870 confringent,
536 1805 578 1850 ne
609 1790 708 1850 heroa
739 1789 869 1850 elevata
896 1787 1052 1850 emedio
1088 1785 1295 1850 dilabeturai

144 1894 229 1958 hano
250 1892 304 1955 vel
326 1892 412 1955 illem
443 1899 567 1975 partem
596 1901 629 1956 et
656 1891 697 1956 ad
724 1911 824 1976 rupes
857 1895 1066 1975 impingetur.
1134 1891 1192 1956 Sit
1226 1901 1295 1954 lma

144 1997 309 2060 harcarius
341 2005 627 2082 quantumcunque
650 1999 765 2081 egilis,
786 2001 845 2061 vix
865 2005 977 2082 potest
998 1995 1159 2080 effugere
1180 1999 1294 2080 illapsu

148 2118 253 2184 aquae
273 2099 423 2164 deorsum
446 2102 639 2187 decidentis,
661 2105 701 2166 ab
722 2112 858 2188 utroque
878 2110 970 2186 porte
998 2121 1140 2165 sursum
1182 2123 1225 2168 ex
1252 2103 1295 2163 inl

147 2205 316 2270 collisione
341 2205 382 2270 ad
403 2215 513 2290 petras
535 2207 708 2291 projectae.
743 2211 803 2272 lsti
826 2217 905 2273 sunt
927 2207 1056 2293 scopuli
1077 2206 1294 2271 Andromede.

146 2321 181 2376 nt
203 2318 304 2395 potet

230 2417 325 2481 Noun
354 2417 423 2502 die,
455 2418 552 2502 longo
590 2425 761 2502 antequam
795 2418 1019 2500 illucesceret,
1057 2418 1159 2481 verrit
1197 2417 1294 2503 qrrilru

149 2521 349 2586 sarracenus
375 2540 448 2586 eum
470 2524 592 2586 lumine
615 2525 649 2587 in
675 2531 817 2588 nostram
839 2523 1036 2606 speluncam,
1073 2525 1231 2587 excitans
1260 2539 1295 2584 nes

148 2626 189 2692 etl
218 2645 393 2689 recessum.
442 2627 650 2692 Surreximus
681 2648 765 2713 ergo
788 2647 861 2692 cnm
888 2628 1011 2691 laetitia
1043 2633 1079 2690 et
1119 2628 1164 2690 ‹le
1195 2646 1296 2692 carnee

148 2731 274 2816 egressi
296 2747 418 2812 sumus,
441 2733 667 2815 quasieeptivi
693 2734 826 2797 ‹le-loco
838 2733 1039 2818 captivitatis
1049 2751 1167 2798 eorum
1192 2733 1294 2816 (5ss

149 2839 211 2900 nst
240 2841 349 2896 autem
386 2835 425 2898 od
452 2844 574 2920 partem
603 2839 820 2922 aquilonarem
850 2840 934 2901 inter
960 2836 1139 2921 speluncas
1172 2849 1208 2902 et
1236 2857 1295 2902 mart

151 2943 331 3006 descensus
350 2959 410 3024 per
430 2959 527 3024 rupes
548 2942 587 3006 sd
609 2943 791 3028 locum,ubi
812 2945 944 3010 annuli
966 2961 1041 3005 cnm
1062 2945 1168 3006 asinis
1191 2949 1294 3008 snum

150 3054 185 3111 et
203 3048 258 3110 vin
280 3065 339 3130 per
360 3045 552 3111 descensum
574 3055 626 3110 est
646 3051 773 3132 stricta,
798 3049 885 3113 inter
902 3050 1046 3132 parietes
1070 3057 1251 3133 petrarum,
1268 3052 1295 3110 itr

151 3152 237 3239 quod
259 3168 323 3216 nou
344 3160 455 3236 potest
474 3155 547 3237 quis
566 3157 615 3216 ire
640 3171 703 3216 neo
734 3154 776 3216 ad
802 3152 950 3216 densam
983 3171 1046 3216 nec
1073 3154 1115 3216 ad
1151 3157 1294 3219 sinistrae

150 3264 214 3324 nisi
224 3279 283 3344 per
294 3261 357 3324 hoc
368 3259 516 3324 medium.
540 3259 679 3323 Stabant
689 3277 767 3342 ergo
780 3258 899 3323 ‹lomini
912 3259 1295 3344 potronloumSarreceoit

152 3373 227 3428 ante
248 3367 463 3452 tortitudinem,
485 3383 559 3429 curn
580 3365 764 3448 luminibus,
786 3365 928 3430 lucernis
951 3373 985 3428 et
1007 3363 1142 3448 faculis,
1161 3373 1197 3427 et
1219 3385 1293 3429 nunu

151 3472 353 3551 peregrinum
375 3479 451 3554 post
471 3471 568 3534 elium
591 3469 634 3532 de
654 3471 782 3532 nomine
808 3489 868 3535 suo
891 3479 925 3534 et
949 3471 1108 3557 genitoris
1128 3472 1294 3562 interroge-

153 3573 240 3655 bant,
262 3582 293 3636 et
315 3575 348 3637 in
371 3577 496 3660 cedula,
509 3595 605 3661 qnam
626 3576 858 3658 inscripserant
879 3578 913 3638 in
929 3577 1018 3640 exitu
1038 3581 1146 3638 nostro
1168 3575 1211 3637 (le
1223 3577 1293 3640 marl

153 3695 268 3739 nomen
291 3683 506 3762 quaerebant3
529 3689 561 3742 et
582 3699 621 3744 eo
643 3682 777 3744 invento
792 3684 998 3764 peregrinum
1013 3681 1103 3744 illum
1117 3677 1293 3744 descendere

153 3783 383 3863 permittebant
404 3786 445 3847 ad
467 3805 600 3868 gregem
631 3787 816 3869 asinorum,
851 3787 906 3868 qui
937 3786 1074 3848 inferius
1103 3783 1193 3866 juxta
1223 3803 1293 3848 mere

152 3888 292 3952 stabant.
336 3886 373 3950 Sl
395 3895 504 3952 autem
536 3891 639 3953 minor
659 3909 811 3954 numerus
843 3891 959 3954 fuisset
980 3891 1232 3975 peregrinorum,
1250 3891 1291 3955 rel

152 3989 262 4075 major,
278 3990 319 4054 de
339 4009 403 4076 quo
424 3995 552 4074 petroni
574 3995 730 4058 rationem
748 3995 884 4060 reddero
901 4015 965 4060 non
985 3998 1174 4080 peuri-em,
1194 4014 1289 4063 omres

152 4099 269 4158 retrusi
290 4099 325 4158 in
347 4113 497 4160 carceres
529 4100 716 4160 fuissemus
761 4100 1002 4164 Descendimus
1038 4115 1114 4182 ergo
1132 4102 1169 4166 ad
1199 4104 1286 4168 locun
