2768 4780
695 111 761 176 256

135 297 191 367 illo
209 293 316 379 lapide
343 292 413 361 selo
433 296 569 358 utuntnn
592 293 626 360 in
646 293 872 378 superstitiosa
892 291 1114 362 sortluatiane.
1136 290 1317 375 Accipiunt

135 403 222 464 enim
243 399 284 462 de
304 407 391 468 terra
410 407 549 481 quatuor
568 399 695 482 lapillos
714 417 852 484 parvos,
874 408 905 463 et
924 398 1051 482 jactare
1069 395 1186 462 volens
1214 413 1316 458 manu

136 504 297 588 revolvit,
320 503 406 568 sicin
425 503 515 570 lusor
535 503 718 568 taxillorum
740 513 885 568 tesseres
906 513 983 568 ante
1001 503 1125 587 jactum
1152 499 1314 584 revolvit,

136 616 170 672 et
191 626 290 691 super
311 607 451 689 lapidem
481 607 571 671 illum
603 609 792 692 quadratum
818 609 921 692 jactat
950 607 1095 692 lapillosa
1127 616 1161 671 et
1195 605 1314 690 ligura,

137 732 234 798 quam
253 712 355 796 lapilli
384 719 523 796 quatuor
541 714 574 776 in
608 732 688 780 casu
719 733 780 779 suo
807 715 965 797 formant,
997 712 1242 796 praenosticum
1266 729 1316 794 ea,

138 837 222 902 quae
252 819 338 882 scire
365 817 551 900 incendunt,
583 827 619 882 ut
650 828 743 902 puta:
778 821 808 882 si
838 819 958 906 cadunt
990 817 1092 902 lapilli
1125 814 1165 878 ad
1192 815 1316 878 lineam

136 931 274 1006 rectam,
296 921 417 1006 aliquid
435 922 582 1006 judicant
604 925 653 987 sic
674 923 761 1006 fleri,
784 925 814 987 si
833 923 952 988 cadunt
972 924 1007 986 in
1028 939 1162 985 curvam
1182 920 1317 1002 lineam,

137 1028 230 1094 aliter
251 1028 326 1110 liet,
344 1027 428 1091 siin
449 1029 606 1112 quadrum
630 1028 816 1112 volvuntur,
840 1031 870 1092 si
891 1047 1020 1093 cmcem
1043 1027 1173 1110 faciunt,
1196 1025 1314 1108 aliter3

137 1137 168 1198 si
199 1133 370 1216 circulum,
391 1131 500 1212 aliter,
523 1142 554 1196 et
573 1134 623 1196 sic
645 1133 686 1199 de
714 1134 786 1198 aliis
807 1134 930 1218 figuris.

221 1242 344 1322 Figura
365 1237 472 1304 oruata
499 1247 550 1302 est
571 1239 760 1322 principalis
789 1239 866 1304 ludo
885 1239 969 1322 illo,
996 1246 1029 1300 et
1045 1246 1176 1322 quanto
1206 1239 1316 1320 ligura

140 1344 247 1428 magis
268 1343 312 1409 ad
336 1360 407 1406 eam
429 1344 678 1428 appropinquat,
700 1352 788 1413 tanto
810 1344 978 1410 efficacius
1006 1344 1186 1426 significat,
1216 1342 1316 1406 etad

141 1468 214 1513 cam
235 1465 348 1512 omnes
369 1447 496 1530 ligures.
515 1447 670 1523 referunt.
714 1450 872 1514 Stetimus
894 1457 1027 1532 ergoet
1050 1423 1216 1520 latuitdtes
1235 1447 1316 1513 illo-

140 1573 210 1621 rum
231 1553 412 1616 derisimus.
454 1553 524 1634 Ipsi
539 1563 650 1620 autem
669 1557 795 1620 seriose
823 1559 893 1620 suis
920 1553 1066 1644 auguriis
1098 1552 1316 1615 attendebant

141 1669 174 1722 et
207 1659 354 1720 fortunae
386 1658 583 1722 serviebant.
633 1659 713 1724 Vidi
741 1663 786 1724 ibi
817 1661 990 1747 aliquando
1017 1657 1133 1724 sedere
1162 1657 1315 1721 ludentes

141 1766 314 1847 episcopos
346 1771 379 1824 et
410 1762 599 1828 sacerdotes
628 1763 840 1833 Orientalium
871 1776 906 1830 et
926 1774 1068 1834 maturos
1095 1767 1185 1828 viros
1212 1764 1316 1828 sorti·

142 1875 268 1938 santes.
309 1867 386 1930 Non
408 1870 492 1932 euim
514 1869 628 1934 ludunt
647 1872 692 1934 ibi
712 1892 771 1955 pro
793 1873 902 1956 lucro,
923 1870 984 1935 sed
1006 1868 1111 1933 solnm
1132 1867 1175 1932 ad
1195 1885 1316 1950 super-

143 1975 310 2056 stitiones,
354 1975 471 2058 quibus
510 1974 693 2040 orientales
734 1979 821 2061 pleni
852 1986 939 2042 sunt.
991 1973 1087 2039 Unde
1126 1970 1243 2036 accidit
1271 1992 1317 2036 ex

146 2081 316 2162 frequenti¹
337 2079 520 2164 sortilegio,
549 2081 635 2163 quod
667 2083 711 2145 ibi
743 2085 968 2164 committitur,
1001 2078 1088 2164 quod
1126 2079 1197 2162 ipse
1230 2077 1316 2160 lapis

144 2183 330 2268 quadratus,
343 2183 399 2266 qui
419 2182 460 2246 de
481 2202 519 2249 sc
541 2195 591 2248 est
611 2203 748 2269 grossus
764 2196 797 2250 et
816 2205 923 2272 asper,
941 2187 1048 2252 factus
1069 2193 1120 2248 est
1140 2185 1174 2246 in
1195 2174 1317 2266 super-

144 2289 219 2354 licio
245 2305 285 2352 ac
304 2289 339 2353 si
354 2297 442 2352 esset
464 2290 584 2374 politus
605 2291 824 2357 artificialiter.
873 2330 877 2346 ι

31 2570 36 2580 ·
146 2529 206 2604 De
229 2527 312 2604 loco
338 2526 535 2627 coquinae,
570 2527 709 2627 inquo
738 2551 857 2629 agnus
886 2523 1071 2631 paschalis
1109 2545 1175 2625 pro
1199 2543 1319 2598 coena

302 2647 480 2724 dominica
501 2647 570 2772 ipit
593 2657 759 2743 assatus,
785 2659 824 2726 ct
845 2672 939 2748 aqua
961 2645 1154 2762 calefacta.

230 2830 294 2893 llis
314 2829 397 2892 visis
417 2831 596 2896 avertimus
622 2849 725 2894 nosa
756 2829 864 2914 lapide
892 2829 973 2910 isto,
1007 2835 1039 2890 et
1060 2826 1251 2910 gyravimus
1272 2827 1316 2886 alr

147 2942 240 3000 extra
277 2952 402 2998 murum
432 2934 555 3018 antiqui
580 2936 688 3018 chori,
712 2944 756 2998 et
783 2934 824 2999 ad
856 2935 962 2998 locum
990 2933 1156 3014 venimus,
1187 2931 1221 2994 iu
1249 2947 1317 3014 quo

148 3039 223 3122 (Β)
244 3039 504 3120 coniectarentur
524 3041 657 3104 stetisse
678 3042 868 3124 coquinam,
893 3041 928 3100 in
950 3035 1186 3122 quadiscipuli
1215 3051 1316 3117 para-

146 3151 264 3208 verunt
285 3143 421 3226 paseha,
444 3152 595 3208 amantes
616 3162 735 3228 agnum
757 3143 995 3228 pascalem„et
1025 3141 1188 3229 lactucam
1217 3155 1318 3221 agre-

147 3257 231 3314 stem
252 3257 410 3330 terentes,
438 3257 471 3311 et
491 3262 609 3333 aquam
630 3269 689 3333 pro
716 3250 836 3315 lotione
866 3247 1259 3330 pedumcalel'acieutes,
1282 3251 1318 3305 et

146 3373 205 3438 pro
226 3353 433 3422 mundatione
453 3354 636 3438 parabsidis
657 3363 691 3417 et
711 3353 936 3436 scutellarum,
959 3361 993 3414 et
1013 3372 1071 3436 pro
1088 3349 1318 3416 ‘combustione

147 3459 352 3542 reliquiarum
378 3461 471 3543 agui*
484 3461 637 3544 pascalis,
658 3459 752 3543 pellis
783 3468 816 3522 et
847 3459 970 3522 ossium
991 3464 1025 3519 et
1045 3456 1196 3539 aliorum,
1229 3471 1317 3536 quaa

148 3563 256 3626 mandi
276 3573 506 3647 nonpossint.
528 3565 638 3631 [iocus
658 3567 722 3628 iste
742 3581 806 3628 nac
825 3564 998 3644 sanctitate
1013 3579 1076 3624 nec
1093 3559 1317 3626 aedificatione

143 3678 246 3732 ¹earet.
301 3669 415 3733 Sancti
456 3671 542 3734 euim
571 3679 665 3734 arant
695 3670 767 3733 coci
799 3669 888 3736 illius
920 3669 1098 3751 coquinae,
1130 3675 1164 3730 ct
1199 3671 1318 3728 sarrcta

148 3774 267 3838 cibaria
287 3775 333 3839 ibi
353 3773 496 3839 dococta.
526 3775 612 3839 Nam
625 3775 704 3838 ⁴occi
725 3776 820 3838 eraut
837 3773 955 3840 Petrus
975 3782 1009 3836 et
1032 3773 1212 3856 Jouaroer,
1231 3769 1315 3834 Ilua.

147 3879 211 3962 ἢ,
253 3878 455 3944 dilectissimi
480 3877 602 3944 Christi
630 3887 663 3942 et
684 3881 884 3944 sanctissimi
905 3877 1074 3962 discipuli,
1098 3879 1154 3962 qui
1174 3893 1317 3959 parave-

149 3990 222 4048 mut
244 3984 335 4047 cibos
355 3985 507 4068 pascales
528 3987 561 4047 iu
582 3985 645 4048 hac
677 3985 827 4067 coquina
869 3982 938 4048 Sed
965 3993 999 4046 et
1025 4000 1152 4066 augrus
1174 3979 1317 4066 pascalis

147 4089 191 4150 ibi
214 4103 310 4152 assus
329 4097 463 4152 sanctus
483 4097 561 4172 erat,
583 4097 696 4174 typum
718 4105 837 4172 gorens
859 4090 936 4172 agni
956 4089 1027 4152 veri
1048 4090 1081 4151 in
1102 4105 1200 4152 cruce
1221 4103 1319 4150 assa-

146 4201 225 4256 tum.
269 4192 391 4257 Sancta
412 4193 508 4256 etiam
531 4203 601 4257 erat
622 4213 706 4278 aqna
726 4194 782 4259 illa
803 4193 848 4258 ibi
866 4193 1045 4276 calefacta,
1065 4195 1133 4279 qna
1160 4193 1320 4256 Dominus
