2716 4798
725 23 789 88 ito

172 207 353 289 Europam,
386 183 438 284 ab
460 206 585 268 oriente
616 204 749 289 Asiam,
784 204 826 268 ad
865 211 1011 269 austrum
1038 203 1235 268 Affricam.
1289 207 1341 270 Un

170 314 379 398 peregrinus,
411 313 467 395 qui
499 310 541 375 ad
570 309 606 374 S.
640 310 852 374 Katharinum
882 313 1013 394 transit,
1042 321 1110 374 tres
1129 311 1229 375 illas
1266 301 1341 376 murt

170 426 281 503 partes
303 419 433 500 attingit
455 419 489 478 iu
512 418 601 481 mari.
643 417 681 478 in
701 417 833 500 Europa
861 417 946 478 enim
968 418 1126 500 navigare
1159 420 1341 501 incipit‚t

169 527 204 588 iu
239 521 339 587 Creta
366 531 399 587 ct
429 519 547 586 nacco
580 531 613 584 et
646 519 758 605 Cypro
787 522 903 584 Asiam
935 524 1057 605 tangit,
1087 523 1173 586 dum
1224 523 1341 586 veroi

169 627 400 692 Alexandriam
426 629 571 711 Aegypti
599 628 765 713 pervcrrit,
796 628 831 692 in
858 625 984 690 Abrica
1012 631 1082 691 erit.
1133 629 1254 691 Nilus
1286 629 1341 690 enii

170 733 285 797 dividit
305 734 417 796 Asia·
447 734 488 795 ab
509 732 642 810 Aiibica,
669 734 704 795 ia
725 733 819 816 cujus
840 733 1010 797 Affricana
1041 741 1136 816 parte
1158 743 1226 796 est
1257 734 1341 797 Alex-²

170 839 291 903 andria
319 840 420 903 Porro
441 856 530 902 mare
548 847 695 904 nostrum
716 841 921 903 continuatur
941 858 1014 904 cum
1036 839 1170 902 duobus
1200 841 1341 922 praeisti

170 945 330 1027 maribus,
369 953 403 1006 et
437 953 514 1007 suut
550 943 683 1009 eaedem
728 963 834 1028 aquae
867 947 981 1010 occani
1021 945 1146 1028 pontici
1189 955 1229 1006 et
1263 949 1341 1007 mam

170 1047 413 1116 mediterranei.
467 1049 553 1112 Nam
591 1067 634 1112 ex
678 1065 802 1111 oceano
834 1047 876 1110 ab
915 1050 1083 1132 Hispaniis
1128 1050 1341 1132 profunditur.

172 1153 331 1239 (iaiiiam,
363 1155 506 1237 lutiam,
538 1153 701 1237 Siciliam,
732 1153 863 1219 Cretam
891 1165 924 1218 et
952 1174 1057 1239 usque
1084 1157 1118 1218 in
1152 1156 1338 1240 Aegyptum

171 1265 353 1345 pertransit.
396 1263 568 1324 Brachium
609 1270 716 1324 autem
743 1260 838 1344 illud,
870 1279 935 1345 quo
961 1262 994 1324 in
1021 1263 1189 1343 Hispania
1232 1279 1337 1324 oceano

168 1366 331 1450 jungitur,
364 1375 501 1430 vocatur
528 1366 706 1449 vulgariter
737 1367 883 1430 siricium
912 1367 953 1430 de
974 1368 1131 1448 Marocb,
1165 1375 1204 1428 ct
1241 1365 1334 1430 dimin

172 1487 307 1554 regnum
318 1473 514 1554 Mammiae,
535 1471 621 1556 quoti
638 1480 690 1534 est
707 1473 741 1534 in
756 1471 891 1556 mirica,
904 1474 943 1535 ab
960 1473 1139 1555 Hispania3
1165 1474 1259 1534 inter
1271 1489 1333 1555 qua

172 1579 324 1660 regiones
351 1578 455 1641 effluit
477 1593 565 1640 mare
586 1578 851 1640 mediterraneum
872 1597 914 1641 ex
937 1595 1058 1642 occano
1080 1595 1141 1660 per
1164 1579 1330 1659 praefatur

172 1683 355 1766 brachium,
392 1681 478 1766 quod
514 1684 547 1744 in
583 1681 752 1745 latitudine
785 1685 843 1745 vix
877 1683 975 1746 habet
1012 1683 1162 1766 quartale
1203 1685 1331 1747 mittaris

174 1785 273 1877 Stant
298 1789 383 1852 anim
418 1789 577 1852 foeminae
598 1788 729 1851 latrices
750 1789 784 1850 in
813 1795 950 1871 utraque
989 1797 1097 1871 parte,
1125 1807 1280 1872 paganae
1308 1789 1329 1850 iu

173 1893 329 1976 Maroch,
350 1896 544 1958 christianae
564 1894 597 1958 in
610 1894 780 1977 Hispania,
803 1903 836 1956 et
856 1893 1051 1974 ecrixantur,
1072 1901 1105 1955 et
1124 1893 1173 1955 ibi
1193 1893 1330 1956 diriditu

174 1997 300 2060 Aiirica
321 2000 361 2060 ab
383 2001 523 2084 Europa.
567 2000 681 2063 Altero
708 2017 788 2062 vero
820 1999 891 2082 ejus
925 1998 1077 2081 brachio,
1110 1997 1200 2081 quod
1235 1999 1329 2060 Helie·

175 2111 312 2184 spontns
343 2102 473 2190 dicitur,
504 2106 586 2168 alias
617 2105 783 2168 brachium
805 2104 839 2166 S.
869 2105 994 2185 Georii,
1023 2103 1255 2166 continuantur
1274 2123 1328 2167 cun

178 2208 258 2270 mari
282 2209 430 2293 pontico,
470 2220 503 2274 et
541 2212 604 2274 hoc
632 2211 798 2274 brachium
836 2207 951 2270 diuidit
977 2209 1139 2290 Europam
1174 2217 1206 2271 et
1235 2210 1327 2272 Asiam

176 2312 348 2400 minorem,
371 2317 540 2400 quaejam
562 2317 680 2380 'forcia
701 2315 833 2378 diciturz
864 2316 941 2396 quia
961 2312 1087 2377 'l'r'rrcus
1109 2313 1254 2376 totaliter
1275 2333 1326 2376 can

179 2419 274 2502 cepit.
336 2421 502 2505 Volgares
541 2431 649 2486 tamen
689 2407 856 2484 nominant
902 2419 964 2482 hcc
1003 2419 1170 2484 brachium
1203 2421 1326 2484 Buccau

176 2529 574 2611 constantinopolitanam,
606 2545 646 2590 eo
668 2525 754 2610 quoti
776 2537 875 2608 super
896 2525 1003 2606 ipsum
1026 2526 1061 2588 in
1083 2526 1178 2590 litore
1196 2527 1325 2608 Europae

175 2631 294 2694 civitas
316 2629 617 2714 Constantinopolis
650 2639 701 2694 est
722 2633 852 2694 situata.
869 2627 960 2694 ‘’Ubi
981 2651 1059 2694 vero
1088 2634 1151 2696 hoc
1182 2631 1325 2694 brachiuu

176 2735 316 2798 derivari
337 2735 449 2817 incipit
470 2753 491 2796 a
513 2737 594 2799 mari
617 2735 853 2800 mediterraneo
875 2755 976 2821 super
997 2738 1073 2800 litus
1083 2737 1187 2799 Asiae
1204 2735 1325 2821 minem,

176 2837 293 2901 dicitur
324 2837 427 2901 fuisse
455 2837 551 2922 'i'rcja
571 2837 627 2904 iila
649 2842 780 2924 antiqua
809 2851 842 2904 et
863 2849 980 2924 potens
999 2843 1131 2906 civitas
1160 2843 1324 2904 constituta

175 2943 309 3007 Veritas
340 2951 448 3008 tamen
477 2953 567 3009 certa
595 2947 636 3010 de
668 2947 731 3009 hec
769 2965 834 3010 non
869 2948 1021 3034 habetur,
1062 2947 1147 3032 quod
1175 2943 1323 3028 'trojani

176 3050 312 3112 steterit.
346 3047 423 3113 Ideo
443 3061 533 3114 recte
553 3051 669 3116 dicitur
689 3069 778 3114 mare
799 3061 946 3118 nostrum
968 3055 1245 3135 mediterraneum,
1267 3051 1324 3136 quia

175 3163 208 3220 ei
227 3164 333 3220 terrae
364 3156 490 3221 mediae
517 3158 700 3242 interjacet,
737 3167 770 3220 et
800 3158 939 3222 medinm
966 3162 1052 3223 inter
1073 3159 1137 3222 alia
1158 3156 1219 3220 duo
1241 3157 1324 3220 maria

175 3271 271 3327 tenet.
295 3263 349 3327 Ao
369 3265 434 3328 ista
456 3265 517 3326 tria
540 3265 642 3328 maria
662 3266 769 3326 omnia
790 3264 922 3327 flumina
938 3267 1032 3329 nobis
1054 3273 1131 3327 ncta
1160 3261 1322 3326 decurmnt.

174 3365 342 3432 Danubius
369 3375 481 3434 noster
510 3373 618 3434 omnia
643 3369 775 3433 flumina
802 3373 956 3434 montium
989 3371 1201 3433 rhaeticorum
1228 3379 1323 3432 eorm

175 3469 328 3534 orientem
359 3477 495 3539 tendens
525 3495 637 3542 secum
673 3475 760 3540 ducit
790 3475 825 3539 in
856 3493 945 3540 mare
979 3474 1059 3558 (48
1084 3474 1136 3553 A)
1168 3477 1322 3558 ponticum,

175 3569 261 3653 quod
279 3573 360 3636 alias
381 3577 497 3644 dicitur
505 3583 663 3646 Euxinus.
693 3581 830 3645 Rhenus
851 3584 885 3646 in
906 3582 990 3664 ipsis
1012 3580 1163 3644 rhaeticis
1182 3583 1323 3646 montibus

174 3675 282 3738 oriens
310 3685 421 3742 contra
442 3685 642 3749 occidentem
664 3685 783 3771 tendit,
811 3705 992 3771 secumque
1012 3685 1142 3749 infinita
1160 3687 1321 3750 fluminair

174 3795 334 3845 oceanum
365 3787 530 3864 pertrahit.
574 3787 731 3854 Roianus
760 3811 834 3857 cum
865 3793 985 3857 Rheno
1016 3795 1050 3856 in
1072 3792 1190 3874 origine
1218 3793 1319 3872 socius

174 3895 288 3952 contra
324 3887 490 3954 meridiem
527 3907 662 3956 currens
699 3909 813 3959 aecum
852 3896 979 3980 reliqua
1020 3898 1153 3961 flumina
1182 3898 1213 3958 iu
1244 3913 1317 3961 marc

174 3993 377 4080 Tyrrhenum
408 3995 573 4080 pertrahit.
623 3995 682 4062 Sic
712 3998 848 4062 Athesis
881 4017 924 4063 ex
953 4001 1079 4084 alpibus
1108 4011 1141 4066 et
1171 3999 1315 4065 Pariuset

172 4099 294 4168 Brenta
312 4101 480 4172 trahentes
501 4100 679 4185 originem,
712 4101 747 4162 in
768 4117 858 4162 mare
878 4101 1144 4169 mediterraneum
1161 4105 1311 4172 decurrunt.
