2608 4842
713 115 777 181 258

165 321 225 398 lle
250 319 335 396 loeo
358 313 574 419 ‘sepulturae
601 307 642 389 S.
667 307 846 416 Stephani
869 313 978 414 post
1007 307 1098 406 ejus
1119 297 1258 379 invention

250 497 364 579 (100
375 498 428 575 Α)
450 495 630 581 Caqninarn
651 495 771 558 dietam
790 491 1062 577 dereliquimus,
1082 495 1123 549 et
1140 483 1263 564 ulterinp

167 605 325 676 dedentes
347 603 388 668 ad
410 606 516 668 loeurn
540 602 707 678 remmus,
728 601 762 664 in
785 617 849 684 qno
871 599 912 664 S.
943 595 1156 678 Stephanus
1180 588 1267 653 sesni

166 713 229 778 tnta
258 711 424 794 sepultus,
452 726 527 772 enm
553 706 628 770 aliis
659 707 797 788 repertis
817 705 851 768 iu
873 722 971 788 agro
1007 701 1059 764 de
1079 695 1220 776 Galahii,
1243 697 1279 775 qt,

165 818 279 902 opinor
300 835 364 881 non
386 815 484 899 longe
516 818 587 876 arat
608 813 648 874 ah
670 811 833 894 Anathot,
868 825 969 892 qnae
1008 804 1101 870 villa
1139 817 1225 883 supra
1247 779 1279 862 nt

167 922 376 1008 lapidationis
407 919 443 983 S.
467 917 628 1001 Stephani
660 924 773 981 eontra
799 916 1003 1000 aquilonem
1042 911 1115 974 sita
1144 911 1204 986 est,
1229 910 1279 963 nn

168 1028 325 1112 aperilis
346 1013 551 1107 Genialielis,
575 1021 631 1106 qui
654 1021 757 1103 rapuit
779 1037 897 1104 eorpus
918 1017 965 1084 S.
994 1011 1171 1097 Stephani
1198 1007 1279 1070 urnii

166 1133 208 1202 de
227 1131 388 1217 lapidibus
408 1138 442 1194 et
458 1130 494 1192 in
515 1143 609 1192 suurn
626 1144 739 1210 anna
751 1125 925 1208 transtulit,
949 1123 1020 1187 ubi
1043 1129 1082 1184 et
1098 1120 1181 1202 ipse,
1192 1111 1279 1190 etllpl

166 1238 253 1307 hlins
272 1237 355 1320 ejus,
377 1245 411 1300 et
432 1231 633 1298 Nicodamus
654 1239 768 1314 postea
788 1231 907 1313 sepulti
929 1237 1046 1294 sunt:
1074 1236 1110 1288 et
1133 1220 1242 1286 tandau
1255 1228 1279 1274 nt

166 1344 312 1408 uotiuum
334 1340 497 1406 hominnm
519 1345 690 1405 renuunt,
733 1337 830 1402 Unde
856 1343 934 1420 post
960 1333 1087 1399 multa
1120 1320 1279 1408 temporati

169 1448 230 1516 tuit
251 1447 354 1509 fames
375 1444 485 1510 valida
504 1451 636 1527 propter
655 1451 764 1509 terrae
792 1443 1005 1524 siceitatem,
1042 1456 1118 1502 uon
1140 1433 1217 1496 enin
1231 1425 1279 1508 phi

166 1569 267 1633 snper
291 1557 411 1612 terram
425 1549 542 1614 inultis
569 1549 744 1614 mensibus.
786 1546 991 1612 Revelatum
1028 1551 1090 1608 est
1120 1547 1217 1603 auten
1235 1527 1279 1591 llll

168 1655 240 1720 viro
262 1661 386 1735 saneto,
406 1655 493 1738 quod
514 1655 673 1718 Dominus
695 1670 759 1716 non
780 1656 1026 1738 propitiaretur
1047 1659 1173 1726 terrae,
1193 1629 1279 1722 qumi

170 1759 327 1842 reliquiae
347 1758 422 1823 illae
443 1767 556 1822 essent
575 1759 800 1842 sine-honore,
815 1768 847 1823 et
867 1759 1016 1823 anelitus
1043 1754 1116 1818 sibi
1132 1747 1279 1831 agroostu

171 1866 207 1928 in
224 1883 296 1949 quo
317 1865 474 1948 reliquiae
492 1865 568 1929 illae
588 1871 700 1926 essem
721 1865 885 1947 sepultae,
906 1873 1029 1928 notum
1055 1861 1127 1924 hoe
1149 1852 1217 1916 feeit
1229 1843 1279 1906 ΕΜ

168 1971 322 2054 Johsuni,
333 1967 486 2054 episeopo
505 1967 793 2052 deresolymitane,
804 1971 863 2052 qui
878 1986 952 2038 enm
969 1945 1279 2041 sollemnium*

171 2076 214 2140 ad
238 2093 351 2160 aynau
380 2076 555 2158 prooessit,
587 2082 622 2136 et
653 2072 813 2138 fodientes
845 2075 1051 2146 invenerunt
1076 2077 1195 2146 eorpus
1214 2046 1279 2116 ΕΜ

171 2180 285 2262 phuni,
317 2195 389 2242 euna
422 2179 556 2263 reliquis
578 2195 651 2242 eum
674 2197 713 2241 eo
735 2179 889 2263 sepultis,
921 2187 955 2242 et
974 2170 1198 2262 portaverunt
1214 2149 1279 2221 linit

174 2283 348 2352 eodesiarn
365 2293 514 2350 saneim
533 2283 642 2367 Syon,
664 2292 699 2346 et
719 2301 778 2346 eos
795 2284 830 2348 iu
849 2284 905 2351 illo
933 2284 1008 2348 loeo
1033 2271 1211 2346 honedhe
1223 2271 1279 2341 reor

172 2389 330 2456 dideruut.
372 2389 495 2455 Eadem
515 2391 595 2454 hora
614 2388 726 2472 pluvia
746 2407 865 2473 magna
888 2389 1083 2469 deseendit,
1109 2388 1144 2444 et
1162 2363 1278 2440 terrain

172 2505 243 2562 tum
273 2506 463 2560 consuetum
496 2494 649 2576 reddidit,
683 2502 717 2558 et
738 2495 838 2558 multa
851 2497 912 2560 hio
940 2492 1110 2564 mirabilia
1139 2475 1278 2556 eonlt'iffl

171 2602 272 2666 l’orro
293 2608 410 2684 postea
431 2601 562 2686 qnidam
583 2599 700 2665 nobilis
722 2600 764 2664 de
776 2599 1061 2684 Constantinopoli
1080 2595 1211 2660 devotu
1224 2577 1278 2636 wi

173 2705 340 2789 Stephano
374 2725 448 2768 ourn
476 2723 578 2770 uxore
604 2723 665 2768 sna
698 2706 831 2771 Juliana
859 2704 1092 2770 transfretavit
1125 2702 1158 2759 et
1175 2691 1204 2751 t'ss
1225 2681 1274 2784 flii

175 2807 267 2892 Syon
288 2807 330 2872 ad
352 2808 523 2873 eeclesiam
547 2809 639 2893 Syou
659 2810 890 2876 habitationem
911 2812 977 2874 sihi
1005 2807 1126 2893 elegit,
1149 2805 1180 2860 et
1195 2788 1219 2852 7·
1235 2789 1278 2844 ¹¹¹⁶

173 2915 218 2978 ihi
239 2913 363 2996 degens
386 2920 533 2978 mortuns
554 2921 622 2998 est,
645 2935 729 2980 uxor
750 2925 857 2980 autern
877 2915 950 2998 ejus
971 2915 1051 2980 ieeit
1076 2907 1140 2976 sihi
1159 2896 1218 2966 heti
1235 2893 1278 2990 tu

174 3010 249 3084 hau
267 3017 406 3082 similent
426 3018 555 3082 tumbae
576 3017 611 3084 S
635 3017 810 3104 Stephani,
842 3040 978 3105 eamque
1006 3011 1160 3102 juxtas.
1184 2991 1278 3076 steph!

175 3139 296 3206 eorpus
326 3121 507 3187 oollooavit.
557 3123 637 3187 Post
669 3125 792 3208 aliquot
826 3125 897 3192 dies
923 3126 1040 3190 volens
1067 3119 1193 3187 Julirnt
1213 3100 1274 3164 lili

175 3226 478 3314 Constantinopolin
493 3228 671 3314 postulavit
690 3231 731 3292 ab
753 3235 907 3316 episeopo
927 3225 1197 3314 Joosolymttant
1214 3205 1277 3278 ΜΨ

173 3337 252 3419 viti,
274 3345 308 3402 et
339 3336 509 3420 higressus
530 3335 704 3418 episeopus
732 3334 848 3400 Saneti
876 3336 1034 3420 Stephani
1063 3322 1220 3398 outonem
1238 3313 1274 3387 pn

175 3440 267 3506 duxit
290 3440 374 3506 dnos
407 3441 531 3507 loculos
566 3446 754 3524 argenteos,
788 3439 902 3506 (linens
928 3441 1066 3523 mulieri,
1088 3429 1170 3522 quod
1196 3407 1277 3514 ΜΨ

173 3545 228 3610 aui
263 3545 328 3608 viri
357 3549 530 3630 reeiperet:
563 3553 596 3610 et
627 3547 754 3629 aeoepit
783 3547 898 3612 mulier
934 3547 1072 3613 looulnnn
1103 3541 1137 3607 S.
1168 3518 1274 3624 8¹⁰th

175 3654 296 3728 panis
317 3665 393 3714 esse
414 3652 554 3716 loonlum
575 3652 646 3715 viri.
668 3652 715 3716 At
736 3670 809 3716 enm
831 3671 997 3737 permane
1018 3616 1277 3733 navigarenill'f’

179 3753 342 3821 miueulis
363 3767 497 3840 experta
517 3764 580 3842 est,
604 3775 642 3820 se
663 3758 783 3823 habere
800 3777 918 3843 eorpus
928 3759 1043 3824 saneti
1053 3742 1206 3839 stephani
1222 3736 1243 3792 ⁰²
1254 3725 1274 3780 ¹¹¹

177 3857 343 3924 induetum
375 3859 684 3945 Constantinopolin.
734 3864 872 3928 Domum
906 3863 947 3929 de
977 3825 1276 3940 Constantinopoli

177 3964 366 4028 translatum
406 3965 560 4048 llornarn,
594 3969 651 4030 nbi
684 3967 780 4034 hodie
818 3969 957 4055 quiescit
990 3937 1274 4033 eumS.htl1¹⁰¹¹¹¹⁰'

178 4069 215 4131 ln
238 4069 309 4133 loeo
335 4085 413 4150 ergo
434 4067 598 4149 praedieto
616 4069 684 4153 jam
714 4083 781 4137 stat
805 4093 903 4138 nnntn
926 4072 1027 4136 altare
1047 4072 1108 4136 sub
1133 4065 1206 4136 diat,
1226 4023 1276 4126 iffi

179 4175 298 4238 iratres
316 4180 498 4256 erexerunt,
514 4182 547 4237 et
567 4174 600 4237 in
620 4176 798 4242 festivitate
808 4180 853 4244 ibi
866 4179 988 4246 Missas
1002 4181 1165 4244 eelebrent.
1176 4149 1273 4240 [dim
