<?xml version="1.0" encoding="UTF-8"?>
<!DOCTYPE html PUBLIC "-//W3C//DTD XHTML 1.0 Transitional//EN"
    "http://www.w3.org/TR/xhtml1/DTD/xhtml1-transitional.dtd">
<html xmlns="http://www.w3.org/1999/xhtml" xml:lang="en" lang="en">
 <head>
  <title>
</title>
<meta http-equiv="Content-Type" content="text/html;charset=utf-8" />
  <meta name='ocr-system' content='tesseract 3.04.00' />
  <meta name='ocr-capabilities' content='ocr_page ocr_carea ocr_par ocr_line ocrx_word'/>
</head>
<body>
  <div class='ocr_page' id='page_1' title='image "./fratrisfelicisf01fabrgoog_0159.png"; bbox 0 0 2774 4776; ppageno 0'>
   <div class='ocr_carea' id='block_1_1' title="bbox 733 135 795 202">
    <p class='ocr_par' dir='ltr' id='par_1_1' title="bbox 733 135 795 202">
     <span class='ocr_line' id='line_1_1' title="bbox 733 135 795 202; baseline 0 0"><span class='ocrx_word' id='word_1_1' title='bbox 733 135 795 202; x_wconf 78' lang='lat' dir='ltr'><strong>tto</strong></span> 
     </span>
    </p>
   </div>
   <div class='ocr_carea' id='block_1_2' title="bbox 177 311 1363 4277">
    <p class='ocr_par' dir='ltr' id='par_1_2' title="bbox 177 311 1363 4277">
     <span class='ocr_line' id='line_1_2' title="bbox 177 311 1363 403; baseline -0.002 -18"><span class='ocrx_word' id='word_1_2' title='bbox 177 338 276 403; x_wconf 84' lang='lat' dir='ltr'><strong>super</strong></span> <span class='ocrx_word' id='word_1_3' title='bbox 295 317 459 402; x_wconf 81' lang='lat' dir='ltr'><strong>margines</strong></span> <span class='ocrx_word' id='word_1_4' title='bbox 480 318 576 382; x_wconf 81' lang='lat' dir='ltr'><strong>navis</strong></span> <span class='ocrx_word' id='word_1_5' title='bbox 595 325 707 402; x_wconf 71' lang='lat' dir='ltr'><strong>possm</strong></span> <span class='ocrx_word' id='word_1_6' title='bbox 747 320 782 380; x_wconf 91' lang='lat' dir='ltr'><strong>lo</strong></span> <span class='ocrx_word' id='word_1_7' title='bbox 822 331 949 401; x_wconf 75' lang='lat' dir='ltr'><strong>proram</strong></span> <span class='ocrx_word' id='word_1_8' title='bbox 977 311 1169 402; x_wconf 75' lang='lat' dir='ltr'><strong>aseendme,</strong></span> <span class='ocrx_word' id='word_1_9' title='bbox 1189 329 1224 386; x_wconf 86' lang='lat' dir='ltr'><strong>et</strong></span> <span class='ocrx_word' id='word_1_10' title='bbox 1245 337 1284 383; x_wconf 85' lang='lat' dir='ltr'><strong>se</strong></span> <span class='ocrx_word' id='word_1_11' title='bbox 1315 321 1363 384; x_wconf 85' lang='lat' dir='ltr'><strong>de</strong></span> 
     </span>
     <span class='ocr_line' id='line_1_3' title="bbox 178 421 1362 509; baseline 0 -19"><span class='ocrx_word' id='word_1_12' title='bbox 178 426 255 490; x_wconf 78' lang='lat' dir='ltr'><strong>lune</strong></span> <span class='ocrx_word' id='word_1_13' title='bbox 277 425 317 490; x_wconf 87' lang='lat' dir='ltr'><strong>ad</strong></span> <span class='ocrx_word' id='word_1_14' title='bbox 339 425 449 488; x_wconf 84' lang='lat' dir='ltr'><strong>funem</strong></span> <span class='ocrx_word' id='word_1_15' title='bbox 470 421 607 506; x_wconf 75' lang='lat' dir='ltr'><strong>trahere,</strong></span> <span class='ocrx_word' id='word_1_16' title='bbox 619 423 707 509; x_wconf 81' lang='lat' dir='ltr'><strong>quod</strong></span> <span class='ocrx_word' id='word_1_17' title='bbox 724 441 786 506; x_wconf 83' lang='lat' dir='ltr'><strong>ego</strong></span> <span class='ocrx_word' id='word_1_18' title='bbox 809 439 909 504; x_wconf 84' lang='lat' dir='ltr'><strong>saepe</strong></span> <span class='ocrx_word' id='word_1_19' title='bbox 928 421 1004 504; x_wconf 81' lang='lat' dir='ltr'><strong>feei,</strong></span> <span class='ocrx_word' id='word_1_20' title='bbox 1016 423 1169 504; x_wconf 80' lang='lat' dir='ltr'><strong>quamvis</strong></span> <span class='ocrx_word' id='word_1_21' title='bbox 1190 425 1362 490; x_wconf 85' lang='lat' dir='ltr'><strong>incautum</strong></span> 
     </span>
     <span class='ocr_line' id='line_1_4' title="bbox 178 526 1363 613; baseline -0.003 -19"><span class='ocrx_word' id='word_1_22' title='bbox 178 531 221 594; x_wconf 90' lang='lat' dir='ltr'><strong>sit</strong></span> <span class='ocrx_word' id='word_1_23' title='bbox 242 539 274 594; x_wconf 92' lang='lat' dir='ltr'><strong>et</strong></span> <span class='ocrx_word' id='word_1_24' title='bbox 296 528 599 613; x_wconf 84' lang='lat' dir='ltr'><strong>periculosum3vel</strong></span> <span class='ocrx_word' id='word_1_25' title='bbox 618 538 731 610; x_wconf 85' lang='lat' dir='ltr'><strong>posset</strong></span> <span class='ocrx_word' id='word_1_26' title='bbox 753 537 846 592; x_wconf 85' lang='lat' dir='ltr'><strong>extra</strong></span> <span class='ocrx_word' id='word_1_27' title='bbox 864 526 1060 590; x_wconf 81' lang='lat' dir='ltr'><strong>columbaria</strong></span> <span class='ocrx_word' id='word_1_28' title='bbox 1072 542 1232 590; x_wconf 85' lang='lat' dir='ltr'><strong>remorum</strong></span> <span class='ocrx_word' id='word_1_29' title='bbox 1254 545 1363 610; x_wconf 83' lang='lat' dir='ltr'><strong>supra</strong></span> 
     </span>
     <span class='ocr_line' id='line_1_5' title="bbox 179 629 1362 718; baseline -0.003 -19"><span class='ocrx_word' id='word_1_30' title='bbox 179 654 285 699; x_wconf 86' lang='lat' dir='ltr'><strong>remos</strong></span> <span class='ocrx_word' id='word_1_31' title='bbox 306 632 450 697; x_wconf 87' lang='lat' dir='ltr'><strong>sedendo</strong></span> <span class='ocrx_word' id='word_1_32' title='bbox 472 650 512 694; x_wconf 93' lang='lat' dir='ltr'><strong>se</strong></span> <span class='ocrx_word' id='word_1_33' title='bbox 531 633 695 718; x_wconf 84' lang='lat' dir='ltr'><strong>expedire,</strong></span> <span class='ocrx_word' id='word_1_34' title='bbox 718 632 804 718; x_wconf 87' lang='lat' dir='ltr'><strong>quod</strong></span> <span class='ocrx_word' id='word_1_35' title='bbox 837 635 935 698; x_wconf 85' lang='lat' dir='ltr'><strong>etiam</strong></span> <span class='ocrx_word' id='word_1_36' title='bbox 966 629 1087 696; x_wconf 83' lang='lat' dir='ltr'><strong>timidis</strong></span> <span class='ocrx_word' id='word_1_37' title='bbox 1114 646 1180 693; x_wconf 91' lang='lat' dir='ltr'><strong>non</strong></span> <span class='ocrx_word' id='word_1_38' title='bbox 1212 632 1362 716; x_wconf 83' lang='lat' dir='ltr'><strong>expedit,</strong></span> 
     </span>
     <span class='ocr_line' id='line_1_6' title="bbox 178 732 1362 825; baseline -0.003 -22"><span class='ocrx_word' id='word_1_39' title='bbox 178 741 254 825; x_wconf 89' lang='lat' dir='ltr'><strong>quia</strong></span> <span class='ocrx_word' id='word_1_40' title='bbox 275 741 381 803; x_wconf 89' lang='lat' dir='ltr'><strong>sessio</strong></span> <span class='ocrx_word' id='word_1_41' title='bbox 402 735 460 800; x_wconf 88' lang='lat' dir='ltr'><strong>illa</strong></span> <span class='ocrx_word' id='word_1_42' title='bbox 482 745 533 800; x_wconf 88' lang='lat' dir='ltr'><strong>esi</strong></span> <span class='ocrx_word' id='word_1_43' title='bbox 555 739 652 802; x_wconf 90' lang='lat' dir='ltr'><strong>etiam</strong></span> <span class='ocrx_word' id='word_1_44' title='bbox 670 739 853 822; x_wconf 85' lang='lat' dir='ltr'><strong>perleulosa</strong></span> <span class='ocrx_word' id='word_1_45' title='bbox 879 747 913 802; x_wconf 88' lang='lat' dir='ltr'><strong>et</strong></span> <span class='ocrx_word' id='word_1_46' title='bbox 939 737 1021 821; x_wconf 84' lang='lat' dir='ltr'><strong>ipsis</strong></span> <span class='ocrx_word' id='word_1_47' title='bbox 1055 732 1195 818; x_wconf 73' lang='lat' dir='ltr'><strong>galeatis</strong></span> <span class='ocrx_word' id='word_1_48' title='bbox 1214 736 1362 819; x_wconf 81' lang='lat' dir='ltr'><strong>ingrata·</strong></span> 
     </span>
     <span class='ocr_line' id='line_1_7' title="bbox 179 839 1363 927; baseline -0.002 -19"><span class='ocrx_word' id='word_1_49' title='bbox 179 845 322 909; x_wconf 80' lang='lat' dir='ltr'><strong>Maxima</strong></span> <span class='ocrx_word' id='word_1_50' title='bbox 342 862 423 908; x_wconf 87' lang='lat' dir='ltr'><strong>vero</strong></span> <span class='ocrx_word' id='word_1_51' title='bbox 446 839 623 906; x_wconf 78' lang='lat' dir='ltr'><strong>difficultas</strong></span> <span class='ocrx_word' id='word_1_52' title='bbox 643 845 676 906; x_wconf 94' lang='lat' dir='ltr'><strong>iu</strong></span> <span class='ocrx_word' id='word_1_53' title='bbox 698 843 955 927; x_wconf 75' lang='lat' dir='ltr'><strong>tempestatibus,</strong></span> <span class='ocrx_word' id='word_1_54' title='bbox 979 840 1107 926; x_wconf 85' lang='lat' dir='ltr'><strong>quando</strong></span> <span class='ocrx_word' id='word_1_55' title='bbox 1131 841 1203 906; x_wconf 82' lang='lat' dir='ltr'><strong>lona</strong></span> <span class='ocrx_word' id='word_1_56' title='bbox 1224 851 1363 906; x_wconf 84' lang='lat' dir='ltr'><strong>secreta</strong></span> 
     </span>
     <span class='ocr_line' id='line_1_8' title="bbox 177 945 1356 1030; baseline -0.003 -16"><span class='ocrx_word' id='word_1_57' title='bbox 177 953 329 1015; x_wconf 87' lang='lat' dir='ltr'><strong>oontlnne</strong></span> <span class='ocrx_word' id='word_1_58' title='bbox 347 955 424 1012; x_wconf 86' lang='lat' dir='ltr'><strong>sunt</strong></span> <span class='ocrx_word' id='word_1_59' title='bbox 445 947 595 1010; x_wconf 81' lang='lat' dir='ltr'><strong>fluetibus</strong></span> <span class='ocrx_word' id='word_1_60' title='bbox 616 957 730 1030; x_wconf 80' lang='lat' dir='ltr'><strong>operta</strong></span> <span class='ocrx_word' id='word_1_61' title='bbox 751 957 784 1012; x_wconf 88' lang='lat' dir='ltr'><strong>et</strong></span> <span class='ocrx_word' id='word_1_62' title='bbox 805 952 884 1012; x_wconf 86' lang='lat' dir='ltr'><strong>remi</strong></span> <span class='ocrx_word' id='word_1_63' title='bbox 906 945 1036 1012; x_wconf 75' lang='lat' dir='ltr'><strong>retracti</strong></span> <span class='ocrx_word' id='word_1_64' title='bbox 1067 959 1167 1027; x_wconf 85' lang='lat' dir='ltr'><strong>super</strong></span> <span class='ocrx_word' id='word_1_65' title='bbox 1198 952 1356 1010; x_wconf 84' lang='lat' dir='ltr'><strong>transtra.</strong></span> 
     </span>
     <span class='ocr_line' id='line_1_9' title="bbox 177 1053 1363 1138; baseline -0.003 -20"><span class='ocrx_word' id='word_1_66' title='bbox 177 1055 237 1118; x_wconf 88' lang='lat' dir='ltr'><strong>llle</strong></span> <span class='ocrx_word' id='word_1_67' title='bbox 259 1073 355 1138; x_wconf 86' lang='lat' dir='ltr'><strong>orgo,</strong></span> <span class='ocrx_word' id='word_1_68' title='bbox 378 1054 433 1136; x_wconf 90' lang='lat' dir='ltr'><strong>qui</strong></span> <span class='ocrx_word' id='word_1_69' title='bbox 461 1069 500 1114; x_wconf 86' lang='lat' dir='ltr'><strong>se</strong></span> <span class='ocrx_word' id='word_1_70' title='bbox 529 1053 562 1114; x_wconf 90' lang='lat' dir='ltr'><strong>in</strong></span> <span class='ocrx_word' id='word_1_71' title='bbox 599 1061 792 1136; x_wconf 86' lang='lat' dir='ltr'><strong>tempestate</strong></span> <span class='ocrx_word' id='word_1_72' title='bbox 820 1055 891 1118; x_wconf 85' lang='lat' dir='ltr'><strong>vult</strong></span> <span class='ocrx_word' id='word_1_73' title='bbox 912 1068 1069 1137; x_wconf 76' lang='lat' dir='ltr'><strong>purgare,</strong></span> <span class='ocrx_word' id='word_1_74' title='bbox 1099 1059 1224 1131; x_wconf 77' lang='lat' dir='ltr'><strong>oportet</strong></span> <span class='ocrx_word' id='word_1_75' title='bbox 1249 1059 1286 1114; x_wconf 88' lang='lat' dir='ltr'><strong>ut</strong></span> <span class='ocrx_word' id='word_1_76' title='bbox 1318 1069 1363 1115; x_wconf 91' lang='lat' dir='ltr'><strong>se</strong></span> 
     </span>
     <span class='ocr_line' id='line_1_10' title="bbox 177 1153 1362 1244; baseline -0.004 -21"><span class='ocrx_word' id='word_1_77' title='bbox 177 1169 318 1244; x_wconf 84' lang='lat' dir='ltr'><strong>exponat</strong></span> <span class='ocrx_word' id='word_1_78' title='bbox 338 1157 430 1223; x_wconf 86' lang='lat' dir='ltr'><strong>totali</strong></span> <span class='ocrx_word' id='word_1_79' title='bbox 451 1155 704 1240; x_wconf 82' lang='lat' dir='ltr'><strong>madelaotioni‚</strong></span> <span class='ocrx_word' id='word_1_80' title='bbox 734 1168 932 1244; x_wconf 83' lang='lat' dir='ltr'><strong>quopropter</strong></span> <span class='ocrx_word' id='word_1_81' title='bbox 971 1156 1062 1220; x_wconf 87' lang='lat' dir='ltr'><strong>multi</strong></span> <span class='ocrx_word' id='word_1_82' title='bbox 1094 1153 1174 1218; x_wconf 85' lang='lat' dir='ltr'><strong>nudi</strong></span> <span class='ocrx_word' id='word_1_83' title='bbox 1206 1155 1362 1218; x_wconf 87' lang='lat' dir='ltr'><strong>omnibus</strong></span> 
     </span>
     <span class='ocr_line' id='line_1_11' title="bbox 178 1260 1363 1344; baseline -0.001 -21"><span class='ocrx_word' id='word_1_84' title='bbox 178 1260 373 1324; x_wconf 88' lang='lat' dir='ltr'><strong>indumentis</strong></span> <span class='ocrx_word' id='word_1_85' title='bbox 395 1261 569 1344; x_wconf 83' lang='lat' dir='ltr'><strong>despositis</strong></span> <span class='ocrx_word' id='word_1_86' title='bbox 591 1261 764 1326; x_wconf 76' lang='lat' dir='ltr'><strong>oooedum.</strong></span> <span class='ocrx_word' id='word_1_87' title='bbox 812 1263 1021 1326; x_wconf 79' lang='lat' dir='ltr'><strong>verecundia</strong></span> <span class='ocrx_word' id='word_1_88' title='bbox 1041 1263 1075 1324; x_wconf 94' lang='lat' dir='ltr'><strong>in</strong></span> <span class='ocrx_word' id='word_1_89' title='bbox 1096 1260 1159 1323; x_wconf 84' lang='lat' dir='ltr'><strong>hoo</strong></span> <span class='ocrx_word' id='word_1_90' title='bbox 1190 1268 1266 1323; x_wconf 83' lang='lat' dir='ltr'><strong>antu</strong></span> <span class='ocrx_word' id='word_1_91' title='bbox 1305 1269 1363 1324; x_wconf 88' lang='lat' dir='ltr'><strong>est</strong></span> 
     </span>
     <span class='ocr_line' id='line_1_12' title="bbox 178 1365 1362 1451; baseline 0.003 -24"><span class='ocrx_word' id='word_1_92' title='bbox 178 1365 312 1428; x_wconf 91' lang='lat' dir='ltr'><strong>multum</strong></span> <span class='ocrx_word' id='word_1_93' title='bbox 335 1365 463 1449; x_wconf 85' lang='lat' dir='ltr'><strong>nociva,</strong></span> <span class='ocrx_word' id='word_1_94' title='bbox 487 1367 619 1430; x_wconf 82' lang='lat' dir='ltr'><strong>etfacit</strong></span> <span class='ocrx_word' id='word_1_95' title='bbox 642 1385 740 1450; x_wconf 85' lang='lat' dir='ltr'><strong>agere</strong></span> <span class='ocrx_word' id='word_1_96' title='bbox 761 1371 867 1451; x_wconf 81' lang='lat' dir='ltr'><strong>magis</strong></span> <span class='ocrx_word' id='word_1_97' title='bbox 888 1366 1083 1432; x_wconf 75' lang='lat' dir='ltr'><strong>vernountla.</strong></span> <span class='ocrx_word' id='word_1_98' title='bbox 1109 1365 1221 1449; x_wconf 84' lang='lat' dir='ltr'><strong>Aliqui</strong></span> <span class='ocrx_word' id='word_1_99' title='bbox 1238 1366 1362 1430; x_wconf 87' lang='lat' dir='ltr'><strong>nolunt</strong></span> 
     </span>
     <span class='ocr_line' id='line_1_13' title="bbox 178 1469 1361 1559; baseline 0.003 -29"><span class='ocrx_word' id='word_1_100' title='bbox 178 1469 293 1552; x_wconf 90' lang='lat' dir='ltr'><strong>notari,</strong></span> <span class='ocrx_word' id='word_1_101' title='bbox 312 1477 346 1532; x_wconf 88' lang='lat' dir='ltr'><strong>et</strong></span> <span class='ocrx_word' id='word_1_102' title='bbox 365 1469 579 1551; x_wconf 77' lang='lat' dir='ltr'><strong>prooumbunt</strong></span> <span class='ocrx_word' id='word_1_103' title='bbox 600 1469 643 1534; x_wconf 86' lang='lat' dir='ltr'><strong>ad</strong></span> <span class='ocrx_word' id='word_1_104' title='bbox 664 1471 728 1534; x_wconf 89' lang='lat' dir='ltr'><strong>alia</strong></span> <span class='ocrx_word' id='word_1_105' title='bbox 752 1473 844 1558; x_wconf 88' lang='lat' dir='ltr'><strong>loeo,</strong></span> <span class='ocrx_word' id='word_1_106' title='bbox 874 1491 959 1559; x_wconf 89' lang='lat' dir='ltr'><strong>qnae</strong></span> <span class='ocrx_word' id='word_1_107' title='bbox 988 1471 1179 1553; x_wconf 85' lang='lat' dir='ltr'><strong>deturpant,</strong></span> <span class='ocrx_word' id='word_1_108' title='bbox 1207 1480 1241 1534; x_wconf 90' lang='lat' dir='ltr'><strong>et</strong></span> <span class='ocrx_word' id='word_1_109' title='bbox 1271 1471 1361 1534; x_wconf 88' lang='lat' dir='ltr'><strong>flunt</strong></span> 
     </span>
     <span class='ocr_line' id='line_1_14' title="bbox 178 1573 1362 1658; baseline 0.003 -22"><span class='ocrx_word' id='word_1_110' title='bbox 178 1573 246 1637; x_wconf 85' lang='lat' dir='ltr'><strong>irae</strong></span> <span class='ocrx_word' id='word_1_111' title='bbox 265 1583 298 1637; x_wconf 90' lang='lat' dir='ltr'><strong>et</strong></span> <span class='ocrx_word' id='word_1_112' title='bbox 319 1573 408 1637; x_wconf 85' lang='lat' dir='ltr'><strong>rixae</strong></span> <span class='ocrx_word' id='word_1_113' title='bbox 429 1583 462 1636; x_wconf 85' lang='lat' dir='ltr'><strong>et</strong></span> <span class='ocrx_word' id='word_1_114' title='bbox 493 1574 718 1640; x_wconf 74' lang='lat' dir='ltr'><strong>dehonestatio</strong></span> <span class='ocrx_word' id='word_1_115' title='bbox 745 1579 902 1642; x_wconf 86' lang='lat' dir='ltr'><strong>bonorum</strong></span> <span class='ocrx_word' id='word_1_116' title='bbox 934 1577 1107 1641; x_wconf 89' lang='lat' dir='ltr'><strong>hominum.</strong></span> <span class='ocrx_word' id='word_1_117' title='bbox 1128 1573 1240 1656; x_wconf 80' lang='lat' dir='ltr'><strong>Aliqui</strong></span> <span class='ocrx_word' id='word_1_118' title='bbox 1258 1575 1362 1658; x_wconf 84' lang='lat' dir='ltr'><strong>juxta</strong></span> 
     </span>
     <span class='ocr_line' id='line_1_15' title="bbox 180 1679 1362 1766; baseline 0.002 -24"><span class='ocrx_word' id='word_1_119' title='bbox 180 1679 315 1742; x_wconf 79' lang='lat' dir='ltr'><strong>cumbas</strong></span> <span class='ocrx_word' id='word_1_120' title='bbox 335 1695 414 1741; x_wconf 87' lang='lat' dir='ltr'><strong>suas</strong></span> <span class='ocrx_word' id='word_1_121' title='bbox 435 1679 517 1742; x_wconf 87' lang='lat' dir='ltr'><strong>ollas</strong></span> <span class='ocrx_word' id='word_1_122' title='bbox 538 1681 674 1766; x_wconf 85' lang='lat' dir='ltr'><strong>replent,</strong></span> <span class='ocrx_word' id='word_1_123' title='bbox 698 1683 784 1766; x_wconf 84' lang='lat' dir='ltr'><strong>quod</strong></span> <span class='ocrx_word' id='word_1_124' title='bbox 808 1693 858 1747; x_wconf 92' lang='lat' dir='ltr'><strong>est</strong></span> <span class='ocrx_word' id='word_1_125' title='bbox 890 1684 1129 1766; x_wconf 87' lang='lat' dir='ltr'><strong>turpissimum,</strong></span> <span class='ocrx_word' id='word_1_126' title='bbox 1159 1689 1192 1743; x_wconf 89' lang='lat' dir='ltr'><strong>et</strong></span> <span class='ocrx_word' id='word_1_127' title='bbox 1220 1681 1362 1745; x_wconf 84' lang='lat' dir='ltr'><strong>multum</strong></span> 
     </span>
     <span class='ocr_line' id='line_1_16' title="bbox 178 1783 1356 1871; baseline 0.003 -25"><span class='ocrx_word' id='word_1_128' title='bbox 178 1800 322 1868; x_wconf 77' lang='lat' dir='ltr'><strong>gravam</strong></span> <span class='ocrx_word' id='word_1_129' title='bbox 343 1783 565 1868; x_wconf 83' lang='lat' dir='ltr'><strong>collaterales3</strong></span> <span class='ocrx_word' id='word_1_130' title='bbox 586 1786 650 1848; x_wconf 86' lang='lat' dir='ltr'><strong>nisi</strong></span> <span class='ocrx_word' id='word_1_131' title='bbox 668 1789 741 1870; x_wconf 85' lang='lat' dir='ltr'><strong>quis</strong></span> <span class='ocrx_word' id='word_1_132' title='bbox 762 1797 851 1852; x_wconf 87' lang='lat' dir='ltr'><strong>esset</strong></span> <span class='ocrx_word' id='word_1_133' title='bbox 872 1789 1033 1871; x_wconf 78' lang='lat' dir='ltr'><strong>infirmus,</strong></span> <span class='ocrx_word' id='word_1_134' title='bbox 1054 1803 1128 1850; x_wconf 89' lang='lat' dir='ltr'><strong>eum</strong></span> <span class='ocrx_word' id='word_1_135' title='bbox 1150 1801 1216 1868; x_wconf 85' lang='lat' dir='ltr'><strong>quo</strong></span> <span class='ocrx_word' id='word_1_136' title='bbox 1236 1787 1356 1850; x_wconf 84' lang='lat' dir='ltr'><strong>morito</strong></span> 
     </span>
     <span class='ocr_line' id='line_1_17' title="bbox 179 1889 1360 1977; baseline 0.003 -27"><span class='ocrx_word' id='word_1_137' title='bbox 179 1889 335 1971; x_wconf 82' lang='lat' dir='ltr'><strong>patientia</strong></span> <span class='ocrx_word' id='word_1_138' title='bbox 356 1897 407 1952; x_wconf 88' lang='lat' dir='ltr'><strong>est</strong></span> <span class='ocrx_word' id='word_1_139' title='bbox 427 1889 584 1952; x_wconf 84' lang='lat' dir='ltr'><strong>habendo.</strong></span> <span class='ocrx_word' id='word_1_140' title='bbox 628 1890 704 1956; x_wconf 93' lang='lat' dir='ltr'><strong>Non</strong></span> <span class='ocrx_word' id='word_1_141' title='bbox 725 1911 857 1977; x_wconf 84' lang='lat' dir='ltr'><strong>possem</strong></span> <span class='ocrx_word' id='word_1_142' title='bbox 888 1895 981 1958; x_wconf 87' lang='lat' dir='ltr'><strong>brevi</strong></span> <span class='ocrx_word' id='word_1_143' title='bbox 1003 1907 1152 1956; x_wconf 88' lang='lat' dir='ltr'><strong>sermone</strong></span> <span class='ocrx_word' id='word_1_144' title='bbox 1179 1889 1360 1976; x_wconf 78' lang='lat' dir='ltr'><strong>explieat-e,</strong></span> 
     </span>
     <span class='ocr_line' id='line_1_18' title="bbox 180 1995 1359 2079; baseline 0.005 -25"><span class='ocrx_word' id='word_1_145' title='bbox 180 2002 335 2076; x_wconf 88' lang='lat' dir='ltr'><strong>qnantum</strong></span> <span class='ocrx_word' id='word_1_146' title='bbox 356 1995 496 2058; x_wconf 88' lang='lat' dir='ltr'><strong>sustinui</strong></span> <span class='ocrx_word' id='word_1_147' title='bbox 518 2013 591 2059; x_wconf 86' lang='lat' dir='ltr'><strong>oum</strong></span> <span class='ocrx_word' id='word_1_148' title='bbox 603 1997 744 2078; x_wconf 86' lang='lat' dir='ltr'><strong>quolam</strong></span> <span class='ocrx_word' id='word_1_149' title='bbox 759 1998 936 2062; x_wconf 72' lang='lat' dir='ltr'><strong>collaterali</strong></span> <span class='ocrx_word' id='word_1_150' title='bbox 954 1998 1090 2061; x_wconf 86' lang='lat' dir='ltr'><strong>inllrmo.</strong></span> <span class='ocrx_word' id='word_1_151' title='bbox 1110 1995 1233 2079; x_wconf 78' lang='lat' dir='ltr'><strong>Magno</strong></span> <span class='ocrx_word' id='word_1_152' title='bbox 1245 1997 1359 2060; x_wconf 89' lang='lat' dir='ltr'><strong>studio</strong></span> 
     </span>
     <span class='ocr_line' id='line_1_19' title="bbox 181 2097 1361 2183; baseline 0.003 -23"><span class='ocrx_word' id='word_1_153' title='bbox 181 2105 298 2161; x_wconf 85' lang='lat' dir='ltr'><strong>caveat</strong></span> <span class='ocrx_word' id='word_1_154' title='bbox 307 2099 509 2183; x_wconf 83' lang='lat' dir='ltr'><strong>peregrinus,</strong></span> <span class='ocrx_word' id='word_1_155' title='bbox 521 2118 563 2162; x_wconf 92' lang='lat' dir='ltr'><strong>ne</strong></span> <span class='ocrx_word' id='word_1_156' title='bbox 575 2099 700 2163; x_wconf 86' lang='lat' dir='ltr'><strong>ventris</strong></span> <span class='ocrx_word' id='word_1_157' title='bbox 711 2100 840 2162; x_wconf 88' lang='lat' dir='ltr'><strong>alveum</strong></span> <span class='ocrx_word' id='word_1_158' title='bbox 851 2101 1008 2182; x_wconf 84' lang='lat' dir='ltr'><strong>obstruat,</strong></span> <span class='ocrx_word' id='word_1_159' title='bbox 1030 2097 1361 2164; x_wconf 79' lang='lat' dir='ltr'><strong>duetusvereountlla</strong></span> 
     </span>
     <span class='ocr_line' id='line_1_20' title="bbox 181 2201 1360 2288; baseline 0.006 -25"><span class='ocrx_word' id='word_1_160' title='bbox 181 2201 296 2284; x_wconf 86' lang='lat' dir='ltr'><strong>puerili</strong></span> <span class='ocrx_word' id='word_1_161' title='bbox 316 2209 350 2264; x_wconf 88' lang='lat' dir='ltr'><strong>at</strong></span> <span class='ocrx_word' id='word_1_162' title='bbox 370 2205 545 2270; x_wconf 85' lang='lat' dir='ltr'><strong>nonimium</strong></span> <span class='ocrx_word' id='word_1_163' title='bbox 567 2203 749 2287; x_wconf 71' lang='lat' dir='ltr'><strong>laxusliat,</strong></span> <span class='ocrx_word' id='word_1_164' title='bbox 770 2205 847 2288; x_wconf 86' lang='lat' dir='ltr'><strong>quio</strong></span> <span class='ocrx_word' id='word_1_165' title='bbox 869 2212 1042 2288; x_wconf 84' lang='lat' dir='ltr'><strong>utrumque</strong></span> <span class='ocrx_word' id='word_1_166' title='bbox 1062 2205 1281 2288; x_wconf 80' lang='lat' dir='ltr'><strong>pemioiosnm</strong></span> <span class='ocrx_word' id='word_1_167' title='bbox 1305 2216 1360 2269; x_wconf 84' lang='lat' dir='ltr'><strong>eat</strong></span> 
     </span>
     <span class='ocr_line' id='line_1_21' title="bbox 182 2305 1358 2394; baseline 0.004 -25"><span class='ocrx_word' id='word_1_168' title='bbox 182 2305 358 2390; x_wconf 81' lang='lat' dir='ltr'><strong>naviganti.</strong></span> <span class='ocrx_word' id='word_1_169' title='bbox 401 2308 453 2372; x_wconf 87' lang='lat' dir='ltr'><strong>lle</strong></span> <span class='ocrx_word' id='word_1_170' title='bbox 474 2310 562 2374; x_wconf 82' lang='lat' dir='ltr'><strong>laoili</strong></span> <span class='ocrx_word' id='word_1_171' title='bbox 584 2311 789 2394; x_wconf 82' lang='lat' dir='ltr'><strong>constipatur</strong></span> <span class='ocrx_word' id='word_1_172' title='bbox 808 2310 904 2374; x_wconf 91' lang='lat' dir='ltr'><strong>homo</strong></span> <span class='ocrx_word' id='word_1_173' title='bbox 925 2311 959 2372; x_wconf 93' lang='lat' dir='ltr'><strong>iu</strong></span> <span class='ocrx_word' id='word_1_174' title='bbox 981 2311 1072 2373; x_wconf 86' lang='lat' dir='ltr'><strong>mari.</strong></span> <span class='ocrx_word' id='word_1_175' title='bbox 1121 2311 1165 2372; x_wconf 86' lang='lat' dir='ltr'><strong>Et</strong></span> <span class='ocrx_word' id='word_1_176' title='bbox 1185 2310 1358 2374; x_wconf 86' lang='lat' dir='ltr'><strong>eonsilium</strong></span> 
     </span>
     <span class='ocr_line' id='line_1_22' title="bbox 181 2412 1355 2500; baseline 0.004 -26"><span class='ocrx_word' id='word_1_177' title='bbox 181 2412 300 2478; x_wconf 90' lang='lat' dir='ltr'><strong>bouum</strong></span> <span class='ocrx_word' id='word_1_178' title='bbox 321 2423 371 2478; x_wconf 91' lang='lat' dir='ltr'><strong>est</strong></span> <span class='ocrx_word' id='word_1_179' title='bbox 392 2423 426 2479; x_wconf 88' lang='lat' dir='ltr'><strong>et</strong></span> <span class='ocrx_word' id='word_1_180' title='bbox 447 2415 588 2500; x_wconf 81' lang='lat' dir='ltr'><strong>salubre,</strong></span> <span class='ocrx_word' id='word_1_181' title='bbox 609 2426 646 2482; x_wconf 94' lang='lat' dir='ltr'><strong>ut</strong></span> <span class='ocrx_word' id='word_1_182' title='bbox 662 2415 856 2500; x_wconf 85' lang='lat' dir='ltr'><strong>peregrinus</strong></span> <span class='ocrx_word' id='word_1_183' title='bbox 873 2415 961 2479; x_wconf 90' lang='lat' dir='ltr'><strong>omni</strong></span> <span class='ocrx_word' id='word_1_184' title='bbox 976 2413 1030 2478; x_wconf 78' lang='lat' dir='ltr'><strong>alie</strong></span> <span class='ocrx_word' id='word_1_185' title='bbox 1051 2423 1101 2477; x_wconf 90' lang='lat' dir='ltr'><strong>ter</strong></span> <span class='ocrx_word' id='word_1_186' title='bbox 1111 2422 1234 2497; x_wconf 85' lang='lat' dir='ltr'><strong>quater,</strong></span> <span class='ocrx_word' id='word_1_187' title='bbox 1255 2416 1355 2480; x_wconf 85' lang='lat' dir='ltr'><strong>etiam</strong></span> 
     </span>
     <span class='ocr_line' id='line_1_23' title="bbox 182 2501 1356 2605; baseline 0.003 -26"><span class='ocrx_word' id='word_1_188' title='bbox 182 2517 306 2603; x_wconf 87' lang='lat' dir='ltr'><strong>absque</strong></span> <span class='ocrx_word' id='word_1_189' title='bbox 326 2528 461 2584; x_wconf 86' lang='lat' dir='ltr'><strong>naturae</strong></span> <span class='ocrx_word' id='word_1_190' title='bbox 480 2501 717 2605; x_wconf 85' lang='lat' dir='ltr'><strong>postulatione,</strong></span> <span class='ocrx_word' id='word_1_191' title='bbox 740 2521 782 2584; x_wconf 83' lang='lat' dir='ltr'><strong>ed</strong></span> <span class='ocrx_word' id='word_1_192' title='bbox 801 2521 907 2584; x_wconf 87' lang='lat' dir='ltr'><strong>loeum</strong></span> <span class='ocrx_word' id='word_1_193' title='bbox 939 2536 978 2582; x_wconf 89' lang='lat' dir='ltr'><strong>se</strong></span> <span class='ocrx_word' id='word_1_194' title='bbox 1006 2525 1126 2601; x_wconf 85' lang='lat' dir='ltr'><strong>ponat,</strong></span> <span class='ocrx_word' id='word_1_195' title='bbox 1149 2527 1183 2580; x_wconf 86' lang='lat' dir='ltr'><strong>et</strong></span> <span class='ocrx_word' id='word_1_196' title='bbox 1213 2517 1356 2583; x_wconf 76' lang='lat' dir='ltr'><strong>discreto</strong></span> 
     </span>
     <span class='ocr_line' id='line_1_24' title="bbox 182 2621 1358 2708; baseline 0.004 -25"><span class='ocrx_word' id='word_1_197' title='bbox 182 2632 301 2686; x_wconf 88' lang='lat' dir='ltr'><strong>oonatu</strong></span> <span class='ocrx_word' id='word_1_198' title='bbox 317 2628 444 2688; x_wconf 83' lang='lat' dir='ltr'><strong>ventris</strong></span> <span class='ocrx_word' id='word_1_199' title='bbox 467 2628 665 2708; x_wconf 83' lang='lat' dir='ltr'><strong>apertionem</strong></span> <span class='ocrx_word' id='word_1_200' title='bbox 686 2632 884 2707; x_wconf 87' lang='lat' dir='ltr'><strong>promoveat,</strong></span> <span class='ocrx_word' id='word_1_201' title='bbox 905 2640 967 2685; x_wconf 90' lang='lat' dir='ltr'><strong>neo</strong></span> <span class='ocrx_word' id='word_1_202' title='bbox 988 2621 1158 2704; x_wconf 81' lang='lat' dir='ltr'><strong>desperet,</strong></span> <span class='ocrx_word' id='word_1_203' title='bbox 1187 2624 1217 2686; x_wconf 87' lang='lat' dir='ltr'><strong>si</strong></span> <span class='ocrx_word' id='word_1_204' title='bbox 1237 2633 1358 2688; x_wconf 83' lang='lat' dir='ltr'><strong>ventor</strong></span> 
     </span>
     <span class='ocr_line' id='line_1_25' title="bbox 181 2725 1358 2814; baseline 0.003 -26"><span class='ocrx_word' id='word_1_205' title='bbox 181 2745 245 2789; x_wconf 87' lang='lat' dir='ltr'><strong>neo</strong></span> <span class='ocrx_word' id='word_1_206' title='bbox 261 2731 354 2792; x_wconf 89' lang='lat' dir='ltr'><strong>tertia</strong></span> <span class='ocrx_word' id='word_1_207' title='bbox 375 2748 436 2793; x_wconf 87' lang='lat' dir='ltr'><strong>neo</strong></span> <span class='ocrx_word' id='word_1_208' title='bbox 458 2738 574 2814; x_wconf 84' lang='lat' dir='ltr'><strong>quarta</strong></span> <span class='ocrx_word' id='word_1_209' title='bbox 595 2729 670 2792; x_wconf 88' lang='lat' dir='ltr'><strong>vioe</strong></span> <span class='ocrx_word' id='word_1_210' title='bbox 689 2729 861 2810; x_wconf 86' lang='lat' dir='ltr'><strong>aperietur.</strong></span> <span class='ocrx_word' id='word_1_211' title='bbox 903 2725 1050 2788; x_wconf 77' lang='lat' dir='ltr'><strong>Aoeetlat</strong></span> <span class='ocrx_word' id='word_1_212' title='bbox 1071 2725 1226 2810; x_wconf 86' lang='lat' dir='ltr'><strong>erebrius,</strong></span> <span class='ocrx_word' id='word_1_213' title='bbox 1246 2729 1358 2792; x_wconf 84' lang='lat' dir='ltr'><strong>solvat</strong></span> 
     </span>
     <span class='ocr_line' id='line_1_26' title="bbox 182 2829 1356 2916; baseline 0.003 -21"><span class='ocrx_word' id='word_1_214' title='bbox 182 2833 349 2916; x_wconf 72' lang='lat' dir='ltr'><strong>cingulum</strong></span> <span class='ocrx_word' id='word_1_215' title='bbox 373 2843 406 2896; x_wconf 89' lang='lat' dir='ltr'><strong>et</strong></span> <span class='ocrx_word' id='word_1_216' title='bbox 425 2833 691 2896; x_wconf 85' lang='lat' dir='ltr'><strong>vestimentorum</strong></span> <span class='ocrx_word' id='word_1_217' title='bbox 713 2831 855 2895; x_wconf 89' lang='lat' dir='ltr'><strong>omnium</strong></span> <span class='ocrx_word' id='word_1_218' title='bbox 875 2829 1100 2913; x_wconf 82' lang='lat' dir='ltr'><strong>colligationes</strong></span> <span class='ocrx_word' id='word_1_219' title='bbox 1121 2847 1221 2914; x_wconf 87' lang='lat' dir='ltr'><strong>supra</strong></span> <span class='ocrx_word' id='word_1_220' title='bbox 1238 2843 1356 2916; x_wconf 79' lang='lat' dir='ltr'><strong>peetus</strong></span> 
     </span>
     <span class='ocr_line' id='line_1_27' title="bbox 183 2935 1357 3022; baseline 0.002 -21"><span class='ocrx_word' id='word_1_221' title='bbox 183 2945 217 3001; x_wconf 88' lang='lat' dir='ltr'><strong>et</strong></span> <span class='ocrx_word' id='word_1_222' title='bbox 236 2938 422 3000; x_wconf 83' lang='lat' dir='ltr'><strong>umbilicum</strong></span> <span class='ocrx_word' id='word_1_223' title='bbox 443 2937 584 3022; x_wconf 81' lang='lat' dir='ltr'><strong>operiat,</strong></span> <span class='ocrx_word' id='word_1_224' title='bbox 606 2945 641 3001; x_wconf 89' lang='lat' dir='ltr'><strong>et</strong></span> <span class='ocrx_word' id='word_1_225' title='bbox 671 2935 803 2999; x_wconf 85' lang='lat' dir='ltr'><strong>habebit</strong></span> <span class='ocrx_word' id='word_1_226' title='bbox 823 2937 948 2998; x_wconf 87' lang='lat' dir='ltr'><strong>ventris</strong></span> <span class='ocrx_word' id='word_1_227' title='bbox 973 2935 1166 2998; x_wconf 83' lang='lat' dir='ltr'><strong>benefloinm</strong></span> <span class='ocrx_word' id='word_1_228' title='bbox 1199 2939 1298 3002; x_wconf 79' lang='lat' dir='ltr'><strong>etlam</strong></span> <span class='ocrx_word' id='word_1_229' title='bbox 1327 2941 1357 3003; x_wconf 91' lang='lat' dir='ltr'><strong>si</strong></span> 
     </span>
     <span class='ocr_line' id='line_1_28' title="bbox 182 3039 1357 3126; baseline 0.003 -23"><span class='ocrx_word' id='word_1_230' title='bbox 182 3040 308 3124; x_wconf 84' lang='lat' dir='ltr'><strong>lapides</strong></span> <span class='ocrx_word' id='word_1_231' title='bbox 330 3049 441 3102; x_wconf 85' lang='lat' dir='ltr'><strong>essent</strong></span> <span class='ocrx_word' id='word_1_232' title='bbox 461 3041 495 3104; x_wconf 89' lang='lat' dir='ltr'><strong>iu</strong></span> <span class='ocrx_word' id='word_1_233' title='bbox 515 3059 566 3105; x_wconf 84' lang='lat' dir='ltr'><strong>eo.</strong></span> <span class='ocrx_word' id='word_1_234' title='bbox 591 3041 666 3105; x_wconf 83' lang='lat' dir='ltr'><strong>lloo</strong></span> <span class='ocrx_word' id='word_1_235' title='bbox 686 3041 855 3106; x_wconf 85' lang='lat' dir='ltr'><strong>eonsilium</strong></span> <span class='ocrx_word' id='word_1_236' title='bbox 877 3039 966 3103; x_wconf 79' lang='lat' dir='ltr'><strong>(ledit</strong></span> <span class='ocrx_word' id='word_1_237' title='bbox 985 3039 1063 3104; x_wconf 86' lang='lat' dir='ltr'><strong>mihi</strong></span> <span class='ocrx_word' id='word_1_238' title='bbox 1084 3041 1213 3125; x_wconf 81' lang='lat' dir='ltr'><strong>quidam</strong></span> <span class='ocrx_word' id='word_1_239' title='bbox 1233 3061 1357 3126; x_wconf 71' lang='lat' dir='ltr'><strong>exper-</strong></span> 
     </span>
     <span class='ocr_line' id='line_1_29' title="bbox 182 3143 1354 3228; baseline 0.003 -20"><span class='ocrx_word' id='word_1_240' title='bbox 182 3154 238 3208; x_wconf 87' lang='lat' dir='ltr'><strong>tus</strong></span> <span class='ocrx_word' id='word_1_241' title='bbox 257 3143 466 3228; x_wconf 84' lang='lat' dir='ltr'><strong>marinarios,</strong></span> <span class='ocrx_word' id='word_1_242' title='bbox 494 3157 577 3208; x_wconf 84' lang='lat' dir='ltr'><strong>oum·</strong></span> <span class='ocrx_word' id='word_1_243' title='bbox 599 3145 710 3209; x_wconf 84' lang='lat' dir='ltr'><strong>multis</strong></span> <span class='ocrx_word' id='word_1_244' title='bbox 731 3145 846 3210; x_wconf 83' lang='lat' dir='ltr'><strong>(liebus</strong></span> <span class='ocrx_word' id='word_1_245' title='bbox 874 3145 1011 3210; x_wconf 82' lang='lat' dir='ltr'><strong>inissem</strong></span> <span class='ocrx_word' id='word_1_246' title='bbox 1031 3144 1204 3210; x_wconf 84' lang='lat' dir='ltr'><strong>durissime</strong></span> <span class='ocrx_word' id='word_1_247' title='bbox 1224 3151 1354 3212; x_wconf 88' lang='lat' dir='ltr'><strong>oonstl·</strong></span> 
     </span>
     <span class='ocr_line' id='line_1_30' title="bbox 181 3250 1355 3334; baseline 0.005 -24"><span class='ocrx_word' id='word_1_248' title='bbox 181 3257 296 3333; x_wconf 79' lang='lat' dir='ltr'><strong>patus,</strong></span> <span class='ocrx_word' id='word_1_249' title='bbox 323 3266 386 3312; x_wconf 86' lang='lat' dir='ltr'><strong>nee</strong></span> <span class='ocrx_word' id='word_1_250' title='bbox 415 3256 467 3312; x_wconf 91' lang='lat' dir='ltr'><strong>est</strong></span> <span class='ocrx_word' id='word_1_251' title='bbox 487 3265 648 3332; x_wconf 67' lang='lat' dir='ltr'><strong>meorum,</strong></span> <span class='ocrx_word' id='word_1_252' title='bbox 671 3250 790 3334; x_wconf 83' lang='lat' dir='ltr'><strong>pilulas</strong></span> <span class='ocrx_word' id='word_1_253' title='bbox 812 3259 869 3314; x_wconf 85' lang='lat' dir='ltr'><strong>ont</strong></span> <span class='ocrx_word' id='word_1_254' title='bbox 891 3250 1110 3334; x_wconf 83' lang='lat' dir='ltr'><strong>suppositoria</strong></span> <span class='ocrx_word' id='word_1_255' title='bbox 1138 3251 1288 3334; x_wconf 77' lang='lat' dir='ltr'><strong>aenipere</strong></span> <span class='ocrx_word' id='word_1_256' title='bbox 1318 3253 1355 3316; x_wconf 92' lang='lat' dir='ltr'><strong>in</strong></span> 
     </span>
     <span class='ocr_line' id='line_1_31' title="bbox 182 3352 1356 3440; baseline 0.002 -22"><span class='ocrx_word' id='word_1_257' title='bbox 182 3354 273 3437; x_wconf 81' lang='lat' dir='ltr'><strong>mori,</strong></span> <span class='ocrx_word' id='word_1_258' title='bbox 294 3354 371 3439; x_wconf 83' lang='lat' dir='ltr'><strong>quia</strong></span> <span class='ocrx_word' id='word_1_259' title='bbox 389 3372 449 3438; x_wconf 79' lang='lat' dir='ltr'><strong>per</strong></span> <span class='ocrx_word' id='word_1_260' title='bbox 468 3352 653 3436; x_wconf 84' lang='lat' dir='ltr'><strong>hujusmodi</strong></span> <span class='ocrx_word' id='word_1_261' title='bbox 673 3354 835 3420; x_wconf 87' lang='lat' dir='ltr'><strong>induoitur</strong></span> <span class='ocrx_word' id='word_1_262' title='bbox 850 3357 949 3420; x_wconf 87' lang='lat' dir='ltr'><strong>nimia</strong></span> <span class='ocrx_word' id='word_1_263' title='bbox 968 3355 1098 3439; x_wconf 83' lang='lat' dir='ltr'><strong>laxatio,</strong></span> <span class='ocrx_word' id='word_1_264' title='bbox 1113 3373 1199 3439; x_wconf 84' lang='lat' dir='ltr'><strong>quae</strong></span> <span class='ocrx_word' id='word_1_265' title='bbox 1219 3357 1356 3440; x_wconf 69' lang='lat' dir='ltr'><strong>pemeu-</strong></span> 
     </span>
     <span class='ocr_line' id='line_1_32' title="bbox 182 3459 1356 3544; baseline 0.003 -22"><span class='ocrx_word' id='word_1_266' title='bbox 182 3459 281 3523; x_wconf 85' lang='lat' dir='ltr'><strong>loslor</strong></span> <span class='ocrx_word' id='word_1_267' title='bbox 303 3467 354 3523; x_wconf 88' lang='lat' dir='ltr'><strong>eat</strong></span> <span class='ocrx_word' id='word_1_268' title='bbox 370 3475 472 3544; x_wconf 65' lang='lat' dir='ltr'><strong>¹quarn</strong></span> <span class='ocrx_word' id='word_1_269' title='bbox 493 3460 695 3542; x_wconf 86' lang='lat' dir='ltr'><strong>eonstipatio.</strong></span> <span class='ocrx_word' id='word_1_270' title='bbox 739 3461 835 3525; x_wconf 85' lang='lat' dir='ltr'><strong>Aliae</strong></span> <span class='ocrx_word' id='word_1_271' title='bbox 854 3463 951 3526; x_wconf 86' lang='lat' dir='ltr'><strong>etiem</strong></span> <span class='ocrx_word' id='word_1_272' title='bbox 971 3469 1099 3544; x_wconf 81' lang='lat' dir='ltr'><strong>praeter</strong></span> <span class='ocrx_word' id='word_1_273' title='bbox 1118 3461 1204 3524; x_wconf 83' lang='lat' dir='ltr'><strong>hane</strong></span> <span class='ocrx_word' id='word_1_274' title='bbox 1229 3479 1356 3544; x_wconf 75' lang='lat' dir='ltr'><strong>pnrga-</strong></span> 
     </span>
     <span class='ocr_line' id='line_1_33' title="bbox 182 3563 1355 3651; baseline 0.003 -24"><span class='ocrx_word' id='word_1_275' title='bbox 182 3565 302 3627; x_wconf 85' lang='lat' dir='ltr'><strong>tionem</strong></span> <span class='ocrx_word' id='word_1_276' title='bbox 322 3571 399 3626; x_wconf 87' lang='lat' dir='ltr'><strong>sont</strong></span> <span class='ocrx_word' id='word_1_277' title='bbox 419 3565 593 3647; x_wconf 84' lang='lat' dir='ltr'><strong>peregrino</strong></span> <span class='ocrx_word' id='word_1_278' title='bbox 615 3569 829 3631; x_wconf 84' lang='lat' dir='ltr'><strong>necessariae.</strong></span> <span class='ocrx_word' id='word_1_279' title='bbox 872 3565 957 3629; x_wconf 84' lang='lat' dir='ltr'><strong>Sunt</strong></span> <span class='ocrx_word' id='word_1_280' title='bbox 976 3565 1065 3628; x_wconf 88' lang='lat' dir='ltr'><strong>enim</strong></span> <span class='ocrx_word' id='word_1_281' title='bbox 1083 3563 1194 3647; x_wconf 79' lang='lat' dir='ltr'><strong>plnres</strong></span> <span class='ocrx_word' id='word_1_282' title='bbox 1214 3565 1248 3627; x_wconf 90' lang='lat' dir='ltr'><strong>iu</strong></span> <span class='ocrx_word' id='word_1_283' title='bbox 1265 3569 1355 3651; x_wconf 86' lang='lat' dir='ltr'><strong>nevi,</strong></span> 
     </span>
     <span class='ocr_line' id='line_1_34' title="bbox 182 3667 1354 3753; baseline 0.006 -24"><span class='ocrx_word' id='word_1_284' title='bbox 182 3667 239 3750; x_wconf 83' lang='lat' dir='ltr'><strong>qui</strong></span> <span class='ocrx_word' id='word_1_285' title='bbox 257 3685 323 3730; x_wconf 87' lang='lat' dir='ltr'><strong>nou</strong></span> <span class='ocrx_word' id='word_1_286' title='bbox 344 3675 422 3730; x_wconf 91' lang='lat' dir='ltr'><strong>sunt</strong></span> <span class='ocrx_word' id='word_1_287' title='bbox 442 3669 566 3751; x_wconf 85' lang='lat' dir='ltr'><strong>provisi</strong></span> <span class='ocrx_word' id='word_1_288' title='bbox 586 3669 822 3750; x_wconf 66' lang='lat' dir='ltr'><strong>inmutaton‘ia</strong></span> <span class='ocrx_word' id='word_1_289' title='bbox 844 3679 964 3736; x_wconf 86' lang='lat' dir='ltr'><strong>etsnnt</strong></span> <span class='ocrx_word' id='word_1_290' title='bbox 983 3686 1114 3753; x_wconf 79' lang='lat' dir='ltr'><strong>semper</strong></span> <span class='ocrx_word' id='word_1_291' title='bbox 1133 3671 1168 3732; x_wconf 94' lang='lat' dir='ltr'><strong>ln</strong></span> <span class='ocrx_word' id='word_1_292' title='bbox 1180 3669 1354 3736; x_wconf 72' lang='lat' dir='ltr'><strong>soalon-ibus</strong></span> 
     </span>
     <span class='ocr_line' id='line_1_35' title="bbox 182 3771 1354 3858; baseline 0.005 -24"><span class='ocrx_word' id='word_1_293' title='bbox 182 3778 217 3834; x_wconf 87' lang='lat' dir='ltr'><strong>et</strong></span> <span class='ocrx_word' id='word_1_294' title='bbox 238 3771 424 3854; x_wconf 83' lang='lat' dir='ltr'><strong>foetoribus,</strong></span> <span class='ocrx_word' id='word_1_295' title='bbox 444 3773 627 3856; x_wconf 82' lang='lat' dir='ltr'><strong>exquibus</strong></span> <span class='ocrx_word' id='word_1_296' title='bbox 646 3785 798 3840; x_wconf 82' lang='lat' dir='ltr'><strong>creseunt</strong></span> <span class='ocrx_word' id='word_1_297' title='bbox 818 3784 1025 3840; x_wconf 80' lang='lat' dir='ltr'><strong>vermestam</strong></span> <span class='ocrx_word' id='word_1_298' title='bbox 1044 3774 1239 3838; x_wconf 76' lang='lat' dir='ltr'><strong>investitus</strong></span> <span class='ocrx_word' id='word_1_299' title='bbox 1254 3793 1354 3858; x_wconf 88' lang='lat' dir='ltr'><strong>qnam</strong></span> 
     </span>
     <span class='ocr_line' id='line_1_36' title="bbox 181 3863 1353 3966; baseline 0.005 -28"><span class='ocrx_word' id='word_1_300' title='bbox 181 3877 216 3938; x_wconf 93' lang='lat' dir='ltr'><strong>in</strong></span> <span class='ocrx_word' id='word_1_301' title='bbox 236 3874 311 3956; x_wconf 82' lang='lat' dir='ltr'><strong>pilis</strong></span> <span class='ocrx_word' id='word_1_302' title='bbox 328 3875 448 3939; x_wconf 87' lang='lat' dir='ltr'><strong>barbae</strong></span> <span class='ocrx_word' id='word_1_303' title='bbox 470 3885 503 3939; x_wconf 92' lang='lat' dir='ltr'><strong>et</strong></span> <span class='ocrx_word' id='word_1_304' title='bbox 522 3878 650 3959; x_wconf 83' lang='lat' dir='ltr'><strong>eapitis.</strong></span> <span class='ocrx_word' id='word_1_305' title='bbox 692 3879 819 3946; x_wconf 86' lang='lat' dir='ltr'><strong>ldeiroo</strong></span> <span class='ocrx_word' id='word_1_306' title='bbox 839 3863 1030 3965; x_wconf 83' lang='lat' dir='ltr'><strong>peregrinus</strong></span> <span class='ocrx_word' id='word_1_307' title='bbox 1051 3897 1116 3944; x_wconf 94' lang='lat' dir='ltr'><strong>nou</strong></span> <span class='ocrx_word' id='word_1_308' title='bbox 1134 3878 1283 3964; x_wconf 73' lang='lat' dir='ltr'><strong>negliget</strong></span> <span class='ocrx_word' id='word_1_309' title='bbox 1303 3895 1353 3966; x_wconf 82' lang='lat' dir='ltr'><strong>se,</strong></span> 
     </span>
     <span class='ocr_line' id='line_1_37' title="bbox 181 3978 1352 4068; baseline 0.005 -26"><span class='ocrx_word' id='word_1_310' title='bbox 181 3979 259 4064; x_wconf 88' lang='lat' dir='ltr'><strong>quin</strong></span> <span class='ocrx_word' id='word_1_311' title='bbox 280 3981 367 4042; x_wconf 88' lang='lat' dir='ltr'><strong>omni</strong></span> <span class='ocrx_word' id='word_1_312' title='bbox 388 3978 441 4046; x_wconf 83' lang='lat' dir='ltr'><strong>(lie</strong></span> <span class='ocrx_word' id='word_1_313' title='bbox 461 3998 501 4042; x_wconf 86' lang='lat' dir='ltr'><strong>se</strong></span> <span class='ocrx_word' id='word_1_314' title='bbox 531 3980 655 4044; x_wconf 88' lang='lat' dir='ltr'><strong>lustret.</strong></span> <span class='ocrx_word' id='word_1_315' title='bbox 704 3981 873 4068; x_wconf 76' lang='lat' dir='ltr'><strong>Contingit</strong></span> <span class='ocrx_word' id='word_1_316' title='bbox 903 3986 999 4066; x_wconf 83' lang='lat' dir='ltr'><strong>enim,</strong></span> <span class='ocrx_word' id='word_1_317' title='bbox 1021 3983 1107 4067; x_wconf 82' lang='lat' dir='ltr'><strong>quod</strong></span> <span class='ocrx_word' id='word_1_318' title='bbox 1134 3983 1206 4067; x_wconf 87' lang='lat' dir='ltr'><strong>illa,</strong></span> <span class='ocrx_word' id='word_1_319' title='bbox 1232 3987 1289 4067; x_wconf 79' lang='lat' dir='ltr'><strong>quui</strong></span> <span class='ocrx_word' id='word_1_320' title='bbox 1318 3984 1352 4048; x_wconf 89' lang='lat' dir='ltr'><strong>in</strong></span> 
     </span>
     <span class='ocr_line' id='line_1_38' title="bbox 182 4083 1352 4172; baseline 0.004 -25"><span class='ocrx_word' id='word_1_321' title='bbox 182 4086 244 4148; x_wconf 88' lang='lat' dir='ltr'><strong>hoo</strong></span> <span class='ocrx_word' id='word_1_322' title='bbox 264 4084 342 4147; x_wconf 88' lang='lat' dir='ltr'><strong>hora</strong></span> <span class='ocrx_word' id='word_1_323' title='bbox 364 4101 428 4148; x_wconf 91' lang='lat' dir='ltr'><strong>nou</strong></span> <span class='ocrx_word' id='word_1_324' title='bbox 449 4083 546 4147; x_wconf 85' lang='lat' dir='ltr'><strong>habet</strong></span> <span class='ocrx_word' id='word_1_325' title='bbox 567 4101 665 4148; x_wconf 88' lang='lat' dir='ltr'><strong>unum</strong></span> <span class='ocrx_word' id='word_1_326' title='bbox 685 4087 880 4172; x_wconf 83' lang='lat' dir='ltr'><strong>pedioulum,</strong></span> <span class='ocrx_word' id='word_1_327' title='bbox 900 4091 937 4150; x_wconf 89' lang='lat' dir='ltr'><strong>in</strong></span> <span class='ocrx_word' id='word_1_328' title='bbox 968 4087 1033 4150; x_wconf 79' lang='lat' dir='ltr'><strong>alio</strong></span> <span class='ocrx_word' id='word_1_329' title='bbox 1058 4087 1167 4152; x_wconf 83' lang='lat' dir='ltr'><strong>statim</strong></span> <span class='ocrx_word' id='word_1_330' title='bbox 1201 4091 1352 4172; x_wconf 86' lang='lat' dir='ltr'><strong>sequenti</strong></span> 
     </span>
     <span class='ocr_line' id='line_1_39' title="bbox 182 4187 1351 4277; baseline 0.004 -24"><span class='ocrx_word' id='word_1_331' title='bbox 182 4189 301 4254; x_wconf 85' lang='lat' dir='ltr'><strong>habeat</strong></span> <span class='ocrx_word' id='word_1_332' title='bbox 320 4189 416 4271; x_wconf 87' lang='lat' dir='ltr'><strong>mille,</strong></span> <span class='ocrx_word' id='word_1_333' title='bbox 438 4189 493 4272; x_wconf 89' lang='lat' dir='ltr'><strong>qui</strong></span> <span class='ocrx_word' id='word_1_334' title='bbox 514 4188 546 4252; x_wconf 90' lang='lat' dir='ltr'><strong>ei</strong></span> <span class='ocrx_word' id='word_1_335' title='bbox 567 4187 794 4276; x_wconf 82' lang='lat' dir='ltr'><strong>adhaeserunt,</strong></span> <span class='ocrx_word' id='word_1_336' title='bbox 814 4197 848 4256; x_wconf 82' lang='lat' dir='ltr'><strong>in</strong></span> <span class='ocrx_word' id='word_1_337' title='bbox 870 4193 977 4276; x_wconf 85' lang='lat' dir='ltr'><strong>aliquo</strong></span> <span class='ocrx_word' id='word_1_338' title='bbox 999 4192 1071 4258; x_wconf 87' lang='lat' dir='ltr'><strong>loeo</strong></span> <span class='ocrx_word' id='word_1_339' title='bbox 1098 4192 1236 4276; x_wconf 85' lang='lat' dir='ltr'><strong>alioujns</strong></span> <span class='ocrx_word' id='word_1_340' title='bbox 1257 4192 1351 4277; x_wconf 80' lang='lat' dir='ltr'><strong>padi·</strong></span> 
     </span>
    </p>
   </div>
   <div class='ocr_carea' id='block_1_3' title="bbox 0 0 1392 4776">
    <p class='ocr_par' dir='ltr' id='par_1_3' title="bbox 0 0 1392 4776">
     <span class='ocr_line' id='line_1_40' title="bbox 0 0 1392 4776; baseline 0 0"><span class='ocrx_word' id='word_1_341' title='bbox 0 0 1392 4776; x_wconf 95' lang='lat' dir='ltr'><strong> </strong></span> 
     </span>
    </p>
   </div>
  </div>
 </body>
</html>
