2644 4786
706 105 776 178 tio.

158 287 352 357 immutati.
393 286 473 354 lntle
493 293 717 372 argumentum
739 286 970 354 desinentionis
988 287 1280 374 haeresismrjesln

158 404 193 459 ut
220 396 358 458 habetur
390 395 422 455 in
443 393 592 476 *epistola
621 390 656 453 S.
681 389 797 474 cyrilli
830 394 977 476 episcopi
991 392 1283 478 Jeresolynitmin

159 500 285 563 beatum
312 497 553 580 Augustinnm,
584 498 618 558 in
653 513 718 577 qua
748 495 847 560 multa
881 497 922 560 ad
954 499 1280 564 commendatione-s

157 603 291 668 Eusebii
318 601 482 664 dicuntum
999 641 1004 650 ·

160 853 219 928 De
251 850 335 926 looo
382 847 664 930 circumcisionis
694 845 849 922 Domini
872 845 985 941 Jesu,
1020 850 1057 924 in
1096 874 1167 950 qno
1202 851 1287 926 ndu

305 970 366 1045 dic
392 963 524 1046 octava
548 966 782 1045 circumcisus
803 965 988 1067 Jcsusqoc
1014 980 1181 1046 vocatus.

242 1151 404 1214 Posthac
425 1145 468 1212 de
487 1156 603 1232 crypta
619 1146 863 1210 conscendimus
885 1151 918 1208 et
939 1149 1086 1233 regressi
1107 1151 1141 1213 in
1158 1152 1285 1214 eedmn

134 1275 220 1342 vper
251 1254 390 1318 medium
418 1251 578 1317 eeclesiae
611 1252 824 1315 transivimus
847 1267 902 1314 ‘ex
934 1251 1078 1316 adverso
1110 1255 1152 1318 ed
1185 1255 1285 1318 dertrn

163 1361 266 1440 latus,
289 1369 323 1422 et
343 1356 550 1422 ascendimus
571 1356 605 1419 in
626 1356 795 1439 capellam,
815 1373 900 1437 quae
918 1356 954 1418 in
974 1355 1091 1432 eodem
1113 1359 1214 1422 latere
1230 1361 1284 1422 ebor

163 1465 328 1548 adhaeret,
350 1471 383 1526 et
401 1463 446 1526 ibi
467 1469 543 1523 ente
569 1461 671 1524 altare
690 1461 830 1544 bymm
851 1467 883 1521 et
904 1459 1100 1543 antiphonas
1114 1464 1166 1526 'de
1195 1465 1285 1526 cirter-

163 1562 677 1648 oisionellominidepromsimus,
699 1571 733 1625 et
744 1585 751 1624 :
764 1562 865 1627 Salve
877 1563 1015 1648 Regina,
1028 1565 1070 1627 de
1083 1567 1280 1651 beatallngin

155 1677 196 1736 'et
216 1673 368 1754 prostrati
389 1669 495 1732 locum
516 1671 577 1732 sub
598 1668 692 1732 altari
716 1667 894 1732 deosculati
915 1684 1039 1751 sumus,
1062 1680 1097 1733 et
1118 1672 1284 1755 indtdgeotie

162 1775 326 1861 plenariae
345 1773 418 1851 (B)
439 1771 639 1838 remissionis
660 1773 846 1853 accepimus
865 1771 959 1854 (st).
1001 1773 1175 1857 Siquidem
1207 1777 1284 1838 inlu

164 1879 236 1944 loco
269 1897 363 1944 sacro
397 1878 457 1942 luit
476 1877 637 1941 Dominus
658 1877 759 1940 Jesus
791 1877 1001 1940 circumcisus
1032 1876 1095 1940 die·
1112 1890 1234 1962 octavo,
1253 1897 1284 1940 ut

166 1987 249 2048 enim
272 1990 399 2067 poterat
420 1983 454 2070 in
475 1997 588 2066 specu,
609 1981 665 2043 ubi
682 1989 779 2043 natus
801 1981 917 2062 iuerat,
939 1990 970 2043 et
991 1982 1220 2068 inqneVirge
1233 2003 1284 2067 pun·

165 2106 245 2172 pera
263 2086 445 2168 residebat,
473 2083 666 2150 circumcidi
684 2093 816 2166 propter
838 2085 1003 2167 tenebras,
1032 2095 1065 2149 et
1089 2086 1177 2152 forte
1196 2092 1286 2151 menn

166 2192 292 2256 oisores
330 2190 545 2253 abhorrebant
585 2189 704 2252 stabuli
736 2189 898 2272 foetores,
931 2199 1167 2272 eportavernnt
1202 2211 1284 2275 puero:

166 2296 295 2376 desum,
317 2313 454 2377 eumque
475 2291 593 2356 ibidem
614 2293 898 2358 circumciderunt.
938 2294 1115 2360 sanctitati
1146 2298 1284 2382 hujmlu

167 2408 339 2464 attestatur
369 2398 448 2462 odor
481 2397 585 2461 dulcis
614 2396 745 2460 refusus
773 2399 814 2460 ob
834 2413 899 2482 ee,
922 2417 995 2462 nam
1033 2399 1112 2464 dum
1141 2405 1216 2485 quis
1232 2419 1285 2464 see

169 2503 273 2567 locum
303 2501 555 2566 deosculandum
579 2502 740 2583 incurvat,
762 2495 935 2566 inusitatus
956 2503 1088 2586 quidam
1104 2505 1285 2569 odorexbrh.

169 2610 224 2692 qni
246 2607 384 2681 deleniat
415 2615 451 2680 et¹
477 2604 520 2668 etl
539 2607 781 2670 venerationem
809 2607 873 2669 loci
900 2607 1041 2670 inclinet.
1086 2607 1289 2672 Inaestimabib

171 2722 224 2776 est
254 2713 346 2776 locus
372 2710 427 2774 ille
457 2711 659 2795 sanctitatis,
694 2713 728 2772 in
763 2730 827 2793 qno
863 2713 964 2793 primo
993 2712 1077 2794 rupti
1116 2723 1194 2776 sunt
1227 2715 1284 2776 lore

168 2817 283 2899 abyssi
304 2833 460 2897 magnae,
489 2824 523 2877 et
559 2815 650 2876 venit
681 2813 843 2878 mundatio
872 2831 971 2896 super
989 2815 1179 2878 universam
1208 2828 1281 2880 leun

169 2938 234 2982 non
256 2937 360 2999 equae
381 2919 632 3001 submergentis,
651 2917 711 2981 scd
732 2919 902 3001 sanguinis
922 2918 1130 2982 vivificantis.
1176 2921 1228 2984 Sic
1241 2921 1284 2982 ent

169 3022 203 3084 in
222 3018 343 3084 diluvio
363 3022 459 3094 Noae
478 3039 615 3104 omnes,
640 3040 722 3106 quos
745 3039 832 3104 aqua
858 3022 1011 3106 involvit,
1039 3024 1217 3107 perierunt,
1241 3025 1284 3084 sia

170 3127 204 3190 in
226 3123 347 3188 diluvio
369 3127 538 3209 sanguinis
560 3124 681 3189 Christi
703 3143 814 3192 omnes
838 3126 974 3204 involuti
1006 3127 1107 3190 vitam
1133 3140 1283 3210 receperat·-

170 3231 212 3295 ln‘
231 3230 293 3296 hec
315 3230 394 3318 leco*
407 3248 475 3294 nos·
486 3232 650 3313 peregrini
669 3230 900 3313 gloriabamur·
912 3249 969 3313 pro
998 3250 1056 3314 ee,
1088 3231 1173 3314 quod
1202 3233 1252 3294 ian
1270 3231 1282 3288 i

173 3337 326 3400 omnibus
344 3334 426 3398 locis
447 3335 585 3414 luimus,
606 3345 640 3398 et
662 3354 702 3399 ea
721 3334 795 3398 loca
814 3333 993 3398 deosculati
1014 3352 1135 3418 snmus,
1157 3339 1191 3399 in
1211 3338 1284 3419 qula

171 3440 344 3506 Dominum
383 3440 498 3502 Jesum
538 3456 634 3504 suum
672 3440 863 3521 sangninem
889 3439 1170 3522 ‘pretiosissimum
1203 3439 1284 3503 inim

172 3543 320 3624 legimns.
363 3541 498 3607 Scilicet
518 3543 572 3606 bic
592 3545 626 3606 in
647 3544 906 3628 circumcisione,
939 3546 974 3608 in
1007 3559 1071 3626 quo
1096 3545 1193 3626 primo
1215 3546 1281 3607 lore

174 3647 297 3730 abyssi,
318 3648 339 3710 i.
363 3665 520 3712 avenae
539 3645 672 3731 Christi,
693 3650 779 3731 rupti
800 3650 947 3713 subtil.
979 3651 1012 3710 in
1034 3657 1138 3712 monte
1164 3649 1278 3714 mvelt

174 3748 246 3813 loco
266 3751 406 3832 agoniae
420 3750 553 3834 Christi,
576 3751 630 3816 fol.
650 3753 713 3816 184
725 3753 764 3818 B.
778 3755 833 3816 111.
855 3755 890 3818 in
910 3753 1123 3836 flagellatione
1141 3761 1174 3815 et
1191 3765 1279 3816 eumn

174 3853 428 3918 tionelol.138.
450 3856 508 3919 tv.
530 3855 637 3919 crucis
660 3854 872 3941 bajulatione,
897 3857 1026 3942 qnando
1047 3855 1158 3920 cecidit
1177 3857 1224 3920 fel.
1242 3851 1277 3918 lli

174 3957 217 4022 V.
242 3959 276 4020 in
297 3957 503 4022 omcilixione
523 3959 577 4023 iol.
612 3960 684 4025 116.
703 3962 761 4025 Vl.
784 3963 818 4025 in
840 3962 951 4026 lateris
972 3961 1140 4045 apertione.
1190 3963 1278 4039 lampa

173 4080 216 4127 ex
236 4062 364 4127 nomine
385 4061 440 4124 ille
462 4062 650 4125 dulcissimo
669 4063 754 4129 Jesu
776 4066 829 4130 hic
845 4066 937 4130 locris
967 4063 1155 4130 venerabilis
1176 4063 1277 4128 redditu

175 4166 252 4245 qula
272 4167 326 4246 hic
343 4165 479 4246 primum
498 4163 619 4226 mundo
640 4165 761 4230 factum
781 4177 832 4234 est
861 4169 1080 4251 snutimmm,
1107 4185 1171 4233 cnm
1194 4187 1244 4234 ron
1256 4166 1276 4226 st
