2774 4776
714 157 775 220 ltu

164 347 260 410 notos
292 357 350 404 aas
378 340 490 428 jacere
525 337 628 422 sinat,
670 339 746 422 quio
780 355 876 420 quam
907 337 1016 400 statim
1048 334 1173 406 vultam
1205 339 1334 419 avertit,

165 449 349 512 evanescit:
368 438 767 528 aacffiliAJpeeuniam
780 444 814 504 iu
829 445 912 505 elata
925 443 1060 506 mimbae
1078 457 1161 504 suae
1172 439 1332 520 dimittam

164 551 225 616 sed
245 548 502 635 inseparabiliter
523 565 595 610 eam
621 565 733 612 secum
756 556 879 630 portet,
910 555 944 609 et
963 565 1028 608 uon
1061 544 1203 610 confidat
1224 545 1334 607 servis

165 673 228 720 nec
246 655 357 718 sociis.
398 653 461 716 Est
483 651 568 716 enim
584 653 769 736 singularis
795 651 960 714 inclinatio
983 650 1025 713 ad
1047 651 1167 714 lurtum
1187 650 1223 713 ln
1244 653 1334 733 navi,

164 741 262 824 etiam
283 758 420 840 illorum,
434 757 489 840 qui
506 764 599 820 extra
618 761 728 821 navim
740 757 859 820 lurtum
880 754 1089 838 detestantur,
1104 764 1137 818 et
1157 755 1334 838 praecipue

163 877 336 949 parvarum
357 880 482 943 rerum,
514 869 550 923 ut
571 862 833 945 panniculorum,
865 859 1085 944 cordularum,
1115 861 1333 942 camisiamm,

162 977 196 1032 et
216 965 410 1050 hujusmodi,
421 968 618 1051 quae-etiam
636 968 717 1030 socii
737 967 895 1050 sibiipsis
911 965 1332 1049 subtrahunt,quandoqne,

163 1075 240 1158 qaia
273 1071 441 1154 multiplex
477 1071 680 1134 delectasio
706 1072 784 1135 navi
816 1071 938 1136 homini
959 1072 1142 1156 contingit,
1175 1070 1228 1134 mi
1255 1069 1333 1132 dum

161 1195 228 1242 non
255 1183 364 1260 potem
380 1176 539 1259 obviare,
570 1175 718 1258 providet
748 1177 811 1241 sibi
841 1195 900 1258 par
930 1177 1014 1260 phas
1041 1182 1077 1237 et
1108 1175 1246 1256 nephas.
1284 1176 1334 1237 lta

162 1281 238 1345 dum
260 1283 334 1364 quis
356 1282 479 1364 scribit,
497 1283 527 1344 sl
547 1299 686 1364 pennam
707 1282 839 1364 ¹deponit
859 1291 894 1345 et
914 1282 1032 1345 iaciem
1054 1281 1182 1363 avertit,
1203 1277 1333 1362 perdita

163 1396 215 1450 est
234 1387 319 1448 iuter
340 1393 454 1468 notos,
482 1395 517 1448 et
537 1385 614 1450 dum
643 1405 715 1452 eam
746 1386 868 1470 perdit,
898 1385 1074 1449 difficulter
1104 1384 1202 1448 valde
1223 1385 1331 1466 aliam,

44 1541 48 1550 .
163 1485 283 1573 reperit
305 1499 390 1553 etc:
424 1490 465 1552 de
495 1489 568 1562 aliis
590 1491 697 1552 rebus.
741 1479 881 1554 Videtur
902 1493 987 1553 enim
1017 1488 1190 1572 inpolitis
1220 1489 1332 1551 navali

163 1595 269 1658 adhuc
289 1596 404 1678 vigere
424 1595 480 1659 lex
507 1596 730 1658 vetustissima
750 1595 997 1684 Aegyptlomm2
1020 1614 1104 1677 quae
1124 1594 1242 1658 furtum
1265 1612 1330 1657 non

161 1701 313 1782 vetabat,
340 1699 475 1781 jubebat
505 1703 589 1764 enim
611 1717 686 1782 eos,
708 1701 763 1783 qni
785 1701 884 1764 furari
905 1701 1069 1783 volebant,
1091 1719 1208 1762 nomon
1231 1715 1329 1762 suum

162 1803 248 1887 apud
269 1804 447 1887 principem
467 1805 672 1868 sacerdotum
693 1807 850 1889 scribere,
883 1816 981 1892 atque
1002 1804 1183 1888 evestigio
1207 1805 1329 1866 lurtum

161 1909 297 1972 adeum
329 1909 456 1975 deferri.
501 1909 655 1974 Similiter
686 1909 802 1992 quibus
832 1927 885 1973 ras
918 1912 1004 1976 furto
1035 1919 1147 1992 erepta
1168 1917 1253 1992 erat,
1287 1908 1329 1971 ad

160 2013 298 2076 eundem
319 2015 367 2076 rei
383 2013 530 2077 sublatae
542 2023 680 2096 tempus,
702 2013 787 2077 diem
804 2015 967 2096 ethoram
982 2010 1127 2077 scribere
1143 2015 1329 2078 tenebatur:

160 2119 222 2181 bec
246 2118 347 2191 modo
364 2118 460 2180 facile
476 2121 610 2184 invento
633 2121 729 2203 furto,
751 2139 835 2204 quae
856 2118 1083 2201 remansisset,
1105 2127 1220 2203 quarta
1240 2119 1329 2183 mul-

158 2223 286 2286 tabatur
306 2232 415 2306 parts,
436 2242 520 2308 quae
541 2223 671 2286 daretur
692 2225 764 2288 furi.
795 2224 909 2288 Satius
930 2222 1097 2304 legislator
1127 2241 1202 2288 essa
1224 2223 1327 2307 duxit,

159 2345 233 2393 oum
254 2328 453 2410 impassibile
471 2337 559 2390 erret
582 2329 669 2392 furta
686 2331 865 2412 prohiberi,
885 2329 993 2410 potins
1014 2323 1162 2410 alicujus.
1169 2329 1329 2410 portionis

160 2451 258 2517 quam
288 2435 385 2498 totins
408 2434 502 2514 (esse
523 2435 661 2514 omissa)
683 2435 830 2505 botmbros
857 2433 1016 2516 jacturam
1046 2437 1128 2516 pati:
1161 2443 1197 2496 ut
1228 2434 1327 2498 babet

159 2538 322 2602 Diodoms
344 2542 546 2624 antiquarum
569 2539 773 2602 historiarum
795 2541 847 2602 lib.
870 2541 901 2602 2.
924 2553 993 2620 cap.
1009 2537 1040 2600 3.
1063 2538 1157 2602 Unde
1179 2537 1222 2602 ad
1239 2538 1327 2602 idem

159 2643 239 2706 dioit
249 2643 402 2706 Proverb.
412 2645 443 2708 li.
459 2664 491 2706 v.
507 2645 577 2708 aa:
596 2661 672 2705 non,
682 2643 816 2726 grandis
836 2652 888 2706 est
902 2643 1008 2724 culpa,
1019 2660 1091 2706 cum
1105 2647 1179 2725 qais
1201 2643 1328 2708 iuratus

159 2749 265 2810 fuerit
307 2751 375 2811 lma
397 2751 430 2812 in
449 2751 555 2812 ’reteri
576 2749 659 2832 legs*
671 2749 764 2811 morti
784 2767 848 2809 iton
868 2747 1068 2828 plantabatur
1089 2747 1156 2811 fur:
1179 2757 1216 2812 ut
1236 2757 1328 2831 patet

157 2851 262 2919 Eroti.
283 2853 335 2918 22.
358 2873 390 2919 v.
415 2855 456 2937 l.,
477 2854 536 2916 sed
557 2857 592 2916 iu
613 2851 796 2916 substantia
817 2850 1039 2915 mulctabatur.
1071 2849 1171 2916 Nunc
1192 2857 1327 2918 veroin

158 2963 247 3020 statu
273 2957 440 3042 perfectae
471 2958 556 3042 legis
594 2961 663 3022 vita
690 2957 860 3040 privantur
889 2958 923 3017 iu
956 2957 1118 3020 communi
1159 2958 1326 3021 hominnm

157 3064 414 3128 conversatione.
457 3062 526 3126 Sed
545 3064 579 3126 in
600 3063 740 3127 navibus
762 3060 847 3124 aliud
869 3060 997 3124 videtur
1030 3079 1121 3130 esset
1147 3064 1327 3128 innascitur

158 3167 244 3231 enim
278 3168 508 3251 navigantibus
536 3167 667 3252 quidam
699 3165 826 3230 furandi
854 3167 1033 3252 appetitus,
1069 3169 1262 3256 praesertim
1291 3172 1325 3233 in

156 3271 253 3336 rebus
274 3275 398 3358 parvis.
430 3275 469 3336 ln
489 3272 644 3356 portubus
659 3279 783 3355 ‚paveat
801 3273 1011 3362 peregrinus,¹
1025 3291 1066 3334 ne
1088 3283 1180 3336 extra
1194 3272 1324 3355 galeam

155 3379 269 3440 exiens
290 3387 448 3462 evagetur
465 3379 542 3442 hinc
561 3367 653 3438 iuda:
675 3377 850 3459 praecipue
871 3375 913 3438 ul
932 3377 1028 3440 litora
1049 3376 1191 3470 §olitaria
1212 3380 1324 3462 maris,

155 3499 198 3542 ne
218 3483 325 3546 subito
357 3484 498 3568 rapiatur
519 3499 539 3546 a
559 3481 688 3566 piratis,
717 3491 750 3546 et
773 3485 813 3548 tu
834 3489 1023 3567 perpetuam
1044 3499 1084 3544 au
1112 3483 1324 3548 miserrimam

155 3585 345 3649 servitutem
376 3588 556 3670 redigatur,
595 3585 682 3670 quod
718 3605 818 3675 saepe
849 3585 894 3649 lit.
945 3587 1034 3650 Novi
1065 3604 1129 3670 ego
1154 3587 1325 3674 ,quendam

154 3688 287 3756 militem
294 3733 304 3773 ‚
336 3693 391 3774 qui
411 3692 502 3756 aolus
521 3700 676 3776 repertus·
690 3692 776 3756 circa
803 3688 895 3754 'mare
916 3691 992 3777 luit,
1021 3691 1090 3754 suis
1112 3691 1259 3775 pacurriis
1292 3702 1325 3756 et

151 3791 312 3874 jocalibus
336 3797 498 3878 spoliatus
528 3795 570 3857 ad
595 3798 722 3860 maenia
756 3796 899 3863 civitatis
927 3815 986 3879 per
1016 3776 1149 3876 incolas
1194 3795 1325 3861 Oaveat

154 3897 251 3962 etiam
271 3917 313 3961 na
334 3899 448 3964 domus
469 3899 669 3982 ingradiatur
689 3900 730 3962 ad
751 3909 848 3963 nutus
876 3899 1043 3964 mulierum
1063 3903 1324 3987 scrutantium,

153 4002 230 4088 quia
248 4004 426 4086 periculum
446 4021 598 4087 magnum
619 3981 768 4089 est,⁸nou
789 4005 893 4068 solum
914 4004 1047 4069 honoris
1067 4015 1100 4067 st
1121 4026 1237 4091 mmm,
1259 4008 1324 4071 sed

154 4108 250 4172 etiam
276 4108 372 4172 vitae.
416 4107 633 4193 Quincunque
660 4109 733 4174 vult
760 4109 924 4174 honestati
945 4119 980 4172 et
1008 4111 1158 4192 probitati
1188 4131 1322 4197 operam

154 4209 249 4296 dare,
271 4221 304 4276 et
324 4215 409 4279 hanc
428 4223 575 4282 sanctam
592 4214 883 4298 peregrinationem
903 4213 1054 4278 mundam
1077 4233 1228 4302 servare,
1254 4237 1322 4282 non
