2914 4850
673 127 711 190 11

72 302 338 368 consederunt
362 306 458 371 οιίιιιι
481 305 640 383 eidemin
659 303 778 372 'mensa
798 304 950 390 coelestis
978 306 1165 393 simoniae,
1193 309 1276 379 huc.

72 410 151 472 22.
179 429 215 474 v.
242 412 292 475 14.
320 411 468 495 Vespere
490 419 599 474 antem
622 411 708 474 facto
724 410 895 494 discubuit,
915 421 947 475 et
960 412 1024 476 Xll
1045 413 1183 498 apostoli
1204 433 1279 480 cum

72 534 149 584 eo.
199 513 435 580 Consedehnnt
469 517 567 580 etiam
583 516 641 578 in.
658 515 809 583 tribunali
839 518 976 581 extremi
1007 517 1132 604 judicii,
1158 521 1275 586 Matth-

77 622 150 684 19.
178 622 233 684 18.
278 621 363 686 Cum
384 621 506 686 sederit
532 621 619 685 filius
648 621 786 684 hominis
817 624 851 685 in
883 622 964 686 sede
984 624 1167 706 majestatis
1186 643 1277 708 suae,

74 725 262 790 sedebitis
284 736 399 792 etvos
417 727 546 809 jndices
567 735 629 790 etc
671 728 714 790 ltt
744 728 779 790 in
807 727 958 790 sesstone
973 729 1104 812 ¹quietis
1126 738 1279 794 aeternae

76 831 346 917 consedebunt,
366 833 446 896 huo.
468 834 520 900 22.
543 848 576 894 v.
597 832 650 916 29,
682 831 735 899 ³0.
782 833 855 916 Ego
888 831 1025 916 dispono
1045 835 1163 915 vobis,
1193 835 1279 898 sicum

77 937 266 1020 disposuit
287 938 366 1001 mihi
386 939 760 1020 paterhre'hsregnrnn,
779 936 824 999 nd
844 937 950 1000 edatis
972 946 1005 1000 et
1033 938 1152 1002 bibatis
1179 953 1279 1020 super

79 1060 253 1106 mensam
281 1017 412 1124 meam,
441 1042 476 1104 in
498 1060 598 1128 regno
620 1060 705 1109 meo.
747 1042 840 1104 'lunc
868 1043 965 1110 etiem
983 1029 1278 1124 iosisbedentihus

81 1149 270 1213 transiens
307 1147 503 1210 ministrabit
525 1146 649 1228 ·illis,s
667 1148 749 1216 Luc
778 1148 852 1214 ΧΠ.
894 1165 932 1209 m
964 1145 1018 1213 37.
1073 1145 1167 1222 Siout
1199 1163 1278 1230 ergo

83 1251 246 1334 apostoli
267 1256 344 1324 sunt
365 1251 496 1314 sodales
507 1249 640 1334 Christi,
661 1252 711 1316 ita
728 1253 805 1313 subt
825 1259 973 1333 pastores
984 1252 1097 1333 tmstri,
1120 1251 1279 1335 qninobis

84 1356 258 1438 promissi
294 1365 386 1425 sunt,
423 1356 492 1427 Jer.
518 1355 679 1426 3.v.15.
721 1357 816 1418 Dabo
838 1356 950 1439 vohis,
982 1358 1107 1440 inqtdt,
1128 1366 1278 1440 pastores

82 1459 197 1541 juxta
218 1477 276 1522 eor
306 1445 439 1545 meum,
461 1463 517 1546 qui
543 1457 681 1545 pascent
707 1433 768 1523 ὧι
797 1462 934 1524 scientia
961 1469 993 1524 et
1015 1462 1172 1532 doctrina.
1215 1461 1278 1525 Ubi

88 1565 218 1647 glossa
235 1564 389 1649 intelligit
408 1567 573 1650 apostolos
602 1565 853 1647 et.apostolicos
888 1567 998 1648 tiros,
1030 1585 1166 1650 quornm
1191 1585 1277 1632 unus

90 1677 133 1732 et
156 1671 354 1752 praecipuus
386 1672 447 1734 ibit
477 1672 550 1756 ille,
577 1673 706 1738 ,chi-ter
728 1670 849 1734 dictum
879 1669 949 1733 fuit.
993 1667 1076 1736 Jott!
1093 1671 1278 1764 ult.·pasce

93 1792 185 1836 oves
207 1752 307 1846 meas.
329 1773 458 1858 (haeges
470 1795 549 1840 vero
560 1776 719 1841 sodslium
731 1774 855 1840 Christi
870 1784 902 1838 et
914 1785 1084 1858 pastorum
1093 1785 1276 1840 nostrorum

93 1889 180 1942 sunt
202 1889 329 1944 turmae
359 1881 523 1965 fidelium,
552 1883 608 1965 qui
634 1895 694 1965 per
720 1881 885 1964 apostolos
918 1881 964 1961 ad
988 1897 1112 1965 pascua
1144 1880 1222 1944 fidei
1243 1888 1277 1942 et

94 1995 381 2073 sacramentqgnm
402 1997 479 2052 snm
500 1987 605 2070 ducti,
627 1996 663 2050 nt
683 1983 895 2070 pascerentur
916 1973 1085 2070 exemplis,
1107 1985 1273 2068 doctrinis,

97 2099 136 2152 et
158 2091 382 2171 corporalibus
403 2093 620 2159 nutrimentis·
694 2125 702 2140 ·
766 2073 772 2085 ⁸

189 2193 288 2256 Dicat
308 2213 497 2305 egeverus
518 2198 728 2260 etvirtuosus
741 2184 946 2278 peregrinus:
970 2197 1114 2278 Euagari
1124 2195 1275 2278 incipiam

97 2307 181 2381 post
202 2315 322 2380 greges
345 2299 503 2373 sodalium
525 2299 659 2385 Christi,
683 2303 761 2385 quio
779 2301 947 2382 indignum
965 2299 1096 2382 judieo,
1116 2319 1171 2381 mg
1191 2301 1276 2362 inter

99 2419 227 2486 greges
249 2403 467 2483 apostolorum
487 2405 650 2488 incedere,
671 2406 782 2472 sciens
803 2423 856 2465 me
877 2423 973 2467 ovem
993 2404 1180 2492 morbidam,
1201 2403 1276 2466 ideo

101 2505 217 2570 saltim
237 2507 335 2570 liceat
356 2508 433 2572 mihi
451 2517 526 2593 post
547 2526 683 2594 gregem
716 2507 890 2572 sodalium*
905 2507 976 2590 ejus
1004 2527 1152 2594 perpre.
1204 2508 1277 2570 'lati

100 2613 192 2676 enim
212 2613 325 2676 humili
343 2614 395 2676 sui
421 2613 809 2697 recognitione'redditur
835 2613 1029 2678 desiderium
1049 2611 1276 2699 peregrinandi

101 2717 306 2800 ordinatum,
337 2737 413 2783 cum
442 2691 517 2804 quis
538 2721 668 2784 morbos
699 2738 778 2783 suos
807 2721 993 2803 cognoscit,
1025 2738 1091 2783 nec
1121 2719 1211 2782 sanis
1243 2727 1276 2781 et

102 2824 228 2887 sanctis
246 2843 286 2884 se
306 2833 481 2908 comparat,
491 2823 551 2888 sed
571 2815 734 2892 humililer
745 2807 820 2910 βδεῖ
832 2843 958 2909 greges·
973 2824 1131 2889 sodalium
1152 2822 1276 2887 Christi

104 2927 269 2990 ambulare
289 2927 460 2992 desiderat.
881 2953 906 3035 ι.

190 3030 354 3110 Quantum
383 3031 424 3096 ad
456 3029 584 3098 tertium
595 3065 616 3118 ,·
640 3035 726 3118 qdod
757 3021 945 3098 neoedsaria
975 3035 1020 3097 sit
1045 3033 1275 3116 peregrinandi

105 3137 254 3221 facultas,
276 3139 463 3232 notandum,
486 3139 573 3229 (Μ
593 3140 668 3204 lieet
679 3143 752 3224 quis
763 3143 881 3204 habeat
893 3139 1042 3223 praelata
1051 3138 1126 3220 dno,
1149 3139 1276 3201 scilieet

103 3246 301 3326 propositum
323 3237 567 3328 peregrinandi,
589 3256 622 3309 et
643 3247 763 3311 humile
794 3245 990 3310 desiderium
1019 3226 1214 3324 inchoir‘tdi,
1244 3243 1274 3304 si

106 3349 198 3412 deest
221 3341 702 3434 taoultss‚.1peregiinandin0n
725 3353 843 3434 poterit
862 3349 1054 3432 peregrinus
1076 3347 1156 3408 lieri.
1202 3344 1274 3423 Quo

108 3472 226 3538 quaeso
255 3455 314 3517 ibit
336 3452 485 3536 ligatus?
515 3453 596 3532 Quo
628 3456 805 3519 ambulabit
837 3447 1014 3535 captivusl
1047 3450 1196 3526 Necesse
1223 3459 1274 3514 est

108 3573 195 3639 ergo,
223 3567 259 3622 nt
293 3558 499 3622 desiderandi
530 3561 662 3642 evagari
700 3567 777 3641 post
810 3575 930 3641 greges
965 3555 1123 3620 sodalium
1155 3557 1275 3620 Christi

109 3662 231 3726 dicatur
260 3664 301 3725 ab
331 3681 392 3744 eo,
421 3661 484 3726 dci*
500 3663 630 3746 subest,
663 3661 861 3746 egredere..
878 3663 916 3724 ln
949 3681 1013 3746 quo
1040 3662 1140 3754 ver*
1180 3660 1274 3724 datur

111 3767 236 3829 lieentia
255 3775 296 3829 et-
312 3767 451 3831 facultas
479 3767 713 3851 peregrinandi.
762 3769 859 3847 Multi
881 3768 965 3832 enim
988 3767 1104 3832 fervidi
1131 3767 1275 3850 religiosi

111 3880 143 3934 et
162 3870 269 3935 devoti
290 3872 458 3955 utriusque
480 3891 583 3936 sexus
604 3873 770 3957 conjugati
792 3873 986 3938 desidorium
1011 3873 1130 3938 ardens
1154 3873 1274 3935 habent

107 3977 215 4048 ‚tridere
236 3977 448 4042 clarissimam
469 3967 848 4064 civitatem'lerusalem3
870 3980 931 4044 sed
953 3981 1081 4044 interim
1104 3977 1191 4061 quod
1208 3995 1274 4039 non

113 4081 220 4146 dicitur
240 4082 316 4146 tali:
345 4083 534 4167 egredere,
559 4085 685 4167 cogitur
705 4103 844 4160 monere.
888 4085 1003 4149 Multis
1024 4085 1110 4149 enim
1129 4083 1274 4148 rationa-
1358 4120 1360 4125 ·

115 4187 211 4252 hiliter
231 4196 264 4252 et
283 4188 407 4254 utihter
427 4187 492 4254 nou
503 4187 690 4286 indulgetur
707 4193 863 4277 egressio,
883 4194 980 4258 otiam
1001 4189 1043 4254 ad
1055 4190 1128 4253 loca
1148 4195 1272 4274 sancto,
