2608 4842
6 405 8 412 ·
43 399 86 440 aa
113 390 261 464 posset,
283 380 369 465 quod
387 399 453 445 non
480 379 692 448 scinderetur.
707 386 741 446 in
763 384 853 468 leco,
881 384 946 448 nbi
962 382 1066 448 oculis
1096 386 1168 448 suis

69 488 242 551 scissam
270 495 394 570 petram
422 486 657 553 durissimam?
691 487 775 568 Quis
802 491 848 554 ibi
879 507 944 554 nou
972 489 1070 552 etiam
1101 487 1168 552 alto

51 611 89 654 u
117 593 243 676 fleret,
276 593 332 656 nbi
351 591 503 655 destus
527 593 617 656 Dens
642 602 757 658 noster
791 596 825 658 in
858 613 958 660 cruce
986 609 1168 678 suspensus

6 705 90 760 ‘nt
117 715 253 780 magna
273 716 357 762 rece
379 701 499 762 emissa
520 698 697 782 elamavit,
730 703 837 764 orarit
868 702 966 766 etiam
998 717 1056 782 pro
1088 717 1166 764 cru·

53 802 198 880 ribuS,
250 803 364 866 latroni
420 801 607 885 paradisum
647 807 820 889 promisit,
877 815 1011 870 matrem
1057 823 1168 870 moes

39 927 141 970 uam
178 906 324 972 Jobanni
351 907 608 991 commendavit,
640 909 717 974 felle
753 914 787 974 et
812 919 908 974 aceto
935 917 1067 994 potatis
1096 911 1167 992 fnit,
1260 987 1262 992 X

16 1033 73 1082 ,aa
114 1014 170 1076 ibi
204 1023 429 1076 consummata
461 1032 540 1077 esse
561 1013 658 1096 dixit,
692 1017 840 1098 spiritum
871 1017 908 1082 in
928 1033 1045 1080 manus
1065 1017 1167 1097 petris

6 1119 238 1200 ¹mrendnvit,
260 1127 292 1180 et
315 1119 623 1200 exspiravit31atus
655 1119 727 1200 ejus
758 1123 852 1185 miles
886 1123 1000 1183 lancea
1032 1121 1165 1202 aperuit,

43 1228 184 1288 niuem
204 1230 239 1286 et
261 1241 380 1305 aquam
400 1223 445 1285 ibi
468 1222 560 1292 ludit.
608 1225 715 1308 Eece,
748 1229 920 1309 peregrine
953 1225 1084 1307 devote,
1112 1225 1167 1288 bic

74 1329 225 1392 occisus
246 1349 265 1390 a
287 1328 396 1409 fratre,
419 1329 514 1390 lsaae
542 1327 663 1410 ligatus
686 1348 706 1391 a
735 1339 846 1413 patre,
864 1347 1014 1414 serpens
1043 1348 1165 1394 aeneus

41 1451 166 1498 ensus
190 1454 211 1496 a
231 1435 360 1516 Moyse,
382 1451 486 1516 agnus
508 1434 671 1514 paschalis
692 1435 877 1502 immolatus
897 1437 931 1498 in
955 1436 1047 1520 lege,
1069 1438 1163 1498 Deus

40 1557 108 1604 eus
132 1541 177 1602 ab
198 1539 344 1622 bomine,
376 1539 477 1600 Jesns
499 1539 674 1602 crucifixus
698 1559 813 1624 carne,
846 1560 903 1604 rex
926 1551 1001 1602 tuus
1022 1559 1165 1623 suspen.-

50 1663 184 1728 cruce,
203 1643 460 1708 Dominnstnus
485 1647 718 1708 condemnatus
745 1654 865 1728 morte,
889 1647 977 1708 mitis
1002 1654 1034 1707 et
1056 1645 1164 1709 bumi-

38 1761 69 1816 rt
96 1754 262 1818 innocens
295 1750 450 1832 perfusus
478 1768 609 1830 cruore,
633 1751 787 1813 sacerdos
820 1760 853 1812 et
889 1751 999 1813 hostia
1022 1749 1163 1812 offerens

6 1919 8 1936 ,
36 1887 55 1918 ι.
84 1857 186 1918 Haeo
203 1863 235 1918 et
254 1855 306 1916 his
327 1856 445 1918 similia
462 1855 495 1919 in
508 1855 569 1918 boc
582 1856 748 1918 tremendo
769 1855 840 1919 leco
858 1855 1162 1940 contemplabamur,

6 1947 21 2034 ζ’
35 1962 162 2024 lintius
182 1960 217 2022 in
236 1961 379 2022 oratione
394 1963 546 2044 prostrati
563 1962 749 2024 mansimus.
772 1961 880 2022 Finita
893 1966 1000 2022 entem
1018 1961 1162 2024 oratione

6 2057 10 2063 ⁵
41 2087 62 2130 s
88 2071 169 2150 post
191 2065 289 2128 alium
312 2065 353 2128 ad
371 2075 502 2148 petram
522 2076 689 2150 sanctam,
723 2085 806 2149 quae
833 2067 1035 2148 prominebat
1064 2084 1162 2148 supra

6 2163 13 2170 ’
34 2173 253 2254 dementum,
276 2173 429 2254 accessit,
452 2181 485 2235 et
506 2172 547 2235 ad
571 2173 715 2236 foramen
736 2171 842 2234 crucis
862 2189 900 2232 se
916 2171 1049 2254 quilibet
1066 2170 1162 2253 juxta

6 2281 41 2370 ,i
78 2275 153 2358 (B)
188 2275 432 2358 dispositionem
472 2279 587 2360 traxit,
615 2287 647 2340 et
680 2277 786 2342 locum
820 2278 926 2360 ipsum
950 2278 1068 2340 eximia
1087 2296 1160 2340 cnm

6 2374 163 2461 fratione
184 2379 430 2444 deosculabatur
449 2391 482 2446 et
504 2383 631 2466 faciem,
653 2382 788 2464 oculos,
821 2399 858 2444 os
893 2381 1029 2462 quilibet
1063 2400 1161 2464 super

6 2489 97 2568 ¹reis
117 2485 259 2548 foramen
281 2486 398 2568 posuit,
420 2485 461 2549 de
482 2507 545 2570 quo
568 2491 716 2552 nbnirum
737 2486 897 2549 foramine
920 2485 1024 2550 dulcis
1046 2487 1160 2550 adme·

6 2591 62 2654 ¹m
89 2592 188 2672 spirat
208 2589 287 2653 odor
309 2591 484 2674 sensibilis,
506 2595 561 2676 qui
574 2592 999 2678 perceptibiliterhominem
1024 2602 1157 2655 recreat.

6 2695 171 2778 'rachium
193 2695 289 2766 etiam
311 2715 428 2760 manus
453 2699 486 2760 in
508 2701 613 2782 ipsum
639 2699 782 2764 foramen
810 2699 959 2762 misimus
981 2715 1085 2779 usqne
1116 2697 1174 2762 ad.

6 2773 89 2898 [rum
111 2799 257 2863 fundum·
297 2802 434 2866 Etcum
462 2804 514 2866 bis
542 2804 759 2888 indulgentias
792 2802 875 2885 (ᾗ)
905 2803 1070 2884 plenariae
1102 2823 1158 2866 re-

7 2907 155 2988 ,issionis
172 2907 364 2988 accepimus.

79 3009 171 3072 Porro
187 3011 221 3072 in
243 3010 348 3074 latere
367 3013 503 3077 sinistro
524 3014 692 3078 foraminis
713 3021 763 3076 est
785 3015 819 3076 in
840 3013 914 3096 ipse
942 3023 1035 3096 petra
1055 3031 1156 3096 gran-

14 3119 44 3180 is
71 3115 213 3198 scissura,
237 3132 402 3180 asumma
415 3136 529 3203 usque
554 3117 714 3201 deorsum,
737 3119 876 3200 quaein
900 3117 1020 3194 Christi
1042 3120 1156 3202 exspi-

12 3223 117 3287 atione
137 3220 216 3284 laete
235 3221 387 3288 ereditur.
428 3224 483 3288 Ad
503 3226 591 3288 illam
614 3225 791 3291 scissuram
824 3227 922 3286 etiam
955 3225 1155 3286 accessimus

9 3346 81 3392 mus
100 3326 292 3410 pantolium,
319 3337 352 3393 et
372 3329 478 3411 ipsam
498 3329 677 3392 deosculati
699 3346 823 3409 means,
845 3328 954 3408 capite
983 3334 1095 3390 nostra
1124 3327 1154 3386 ei

12 3437 190 3512 mponentes
207 3433 313 3512 magis
336 3437 371 3492 et
403 3450 539 3515 corpus,
578 3439 734 3515 quantum
765 3431 837 3493 deri
868 3431 978 3512 potuit.
1018 3431 1154 3512 Insuper

6 3537 40 3598 eb
64 3539 187 3616 utroque
206 3533 308 3599 latere
332 3539 436 3598 saneti
459 3537 623 3598 foraminis
646 3546 721 3601 sunt
743 3537 809 3598 alia
831 3535 893 3598 duo
916 3535 1091 3618 feramina,
1119 3536 1153 3596 in

6 3641 116 3724 quibus
134 3637 257 3707 dumam
274 3638 433 3702 latronum
456 3657 571 3704 eruces
593 3641 723 3704 fuerunt
748 3641 938 3723 impositae,
970 3642 1027 3724 qni
1045 3641 1152 3704 crnci-

6 3746 62 3810 lixi
82 3741 194 3806 fuorunt
223 3761 295 3806 cum
325 3745 422 3827 lesu,
450 3744 576 3827 Dysme
603 3754 636 3808 et
667 3743 809 3810 Germe:
840 3745 900 3808 sed
919 3743 976 3808 illa
997 3745 1152 3810 foramina

8 3849 105 3916 videri
123 3853 178 3911 nen
195 3856 343 3932 possunt,
364 3850 440 3932 quia
466 3869 566 3934 snper
586 3871 627 3914 ea
647 3859 735 3914 stant
757 3853 941 3934 columnae,
970 3871 1033 3914 non
1056 3851 1150 3934 altae,

11 3959 42 4019 in
62 3973 176 4040 querum
194 3954 356 4037 capitibus
379 3965 455 4020 sunt
476 3957 573 4020 ferrei
597 3958 693 4042 clavi,
716 3959 758 4022 ad
789 3976 871 4042 quos
898 3959 984 4020 cerei
1017 3967 1050 4020 et
1071 3977 1152 4020 ean-

16 4059 96 4122 delaa
111 4057 281 4145 adiguntur,
303 4070 336 4124 et
362 4072 438 4126 sunt
455 4066 546 4129 istae
580 4063 793 4128 columnellae
823 4067 918 4148 quasi
945 4063 1148 4126 candelabre.

15 4168 109 4248 Ipsam
126 4174 218 4228 tanen
240 4165 420 4234 columnam
443 4169 586 4236 dextram
610 4173 788 4241 deosculati
811 4187 932 4236 sumus.
984 4168 1029 4230 Ut
1061 4171 1150 4247 patet

21 4288 113 4356 supra,
129 4271 173 4334 lol.
195 4269 247 4336 67.
267 4272 309 4336 A.
