2774 4776
678 129 721 192 99

2 292 14 343 >
101 295 135 372 m
173 308 230 371 sur
255 305 405 372 nomem
424 307 529 374 emm
549 308 653 374 innuo
683 310 810 376 cavum
841 309 1034 376 marimum
1063 315 1210 393 venium,
1238 318 1290 402 rp-

4 443 14 485 ι
97 432 239 497 sumque
269 413 491 478 Patriarcham
547 434 587 478 ac
624 415 749 479 Ducem
785 420 983 503 suscipiunt,
1025 428 1058 481 et
1090 421 1124 481 in
1158 422 1289 487 chorum

97 521 237 604 ducunt,
273 529 307 582 et
328 520 373 582 ibi
395 517 557 610 Officium,
589 521 654 584 diei
673 521 844 606 incipiunt,
882 532 1009 586 etcum
1033 525 1134 590 multa
1155 527 1289 592 sollem-

96 627 203 690 nitate
240 633 411 709 peragunt.
454 621 527 702 Quo
559 635 691 708 peracto
713 627 755 690 ad
781 645 884 692 naves
912 628 1046 694 redeunt
1078 640 1111 693 et
1131 634 1291 716 navigant

96 749 232 816 omnes,
278 733 503 816 unusquisqne
535 733 577 794 ad
605 732 711 798 locum
743 751 837 798 sunm
857 732 900 796 ad
925 733 1103 818 prandium.
1155 739 1287 802 'delibus

6 910 9 916 ¹
95 836 297 920 spectaculis
334 837 529 922 aliquotiens
561 839 691 902 interfui
731 839 812 902 alias
832 847 895 902 etc.
921 838 962 901 de
989 841 1106 923 quibus
1133 842 1210 908 vide
1230 845 1284 909 fol.

95 942 173 1011 210.
201 943 238 1004 Ρ.
261 943 292 1007 2.
336 941 439 1006 Porro
484 963 543 1026 per
571 951 656 1007 totas
687 954 821 1010 octavas
852 946 1067 1010 Ascensiouis
1094 957 1171 1012 sunt
1201 949 1286 1015 festa

97 1047 316 1111 nundinarum
342 1055 376 1110 et
396 1050 477 1110 mira
505 1047 657 1112 videntur
677 1051 712 1112 in
732 1051 806 1113 istis
829 1050 964 1112 octavis.

187 1151 287 1216 Nona
308 1150 361 1214 die
381 1152 592 1216 transivimus
623 1153 665 1217 ad
687 1155 918 1220 monasterium
939 1156 1061 1222 dictum
1082 1177 1103 1222 a
1124 1160 1281 1224 crusohe-

98 1257 194 1323 ohirii
239 1266 272 1321 et
296 1257 403 1321 Missa
435 1259 480 1321 ilri
519 1257 628 1323 andita
668 1269 836 1325 ostensum
871 1261 933 1324 suit
964 1263 1059 1328 nobis
1094 1280 1212 1348 corpus
1246 1265 1282 1330 S.

96 1363 265 1426 Barbarae
311 1379 384 1426 cum
418 1363 565 1446 pluribus
593 1363 666 1427 aliia
703 1363 865 1450 reliquiis,
898 1367 1016 1449 quilius
1055 1371 1284 1434 venerabiliter

6 1495 12 1545 ,ν
98 1467 303 1534 deosculatis
331 1471 457 1532 reversi
490 1486 603 1534 snmus
623 1471 660 1534 in
683 1479 828 1534 nostrum
855 1473 1039 1554 hospitium.
1084 1475 1208 1539 Eodem
1230 1475 1284 1540 dle

96 1575 311 1640 transivimus
331 1574 429 1638 simul
459 1575 495 1638 in
517 1575 688 1660 quamdam
703 1575 848 1660 domum,
869 1579 903 1640 in
925 1596 990 1661 qua
1010 1580 1118 1644 stabat
1138 1581 1282 1665 elephas,
1383 1657 1384 1662 γ

7 1673 10 1685 ’
96 1680 206 1742 bestia
231 1679 368 1761 grandis
395 1687 429 1742 et
448 1679 625 1764 horribilis,
658 1700 755 1765 quam
781 1682 928 1746 vidimus
952 1693 986 1746 et
1013 1689 1122 1748 mirati
1151 1685 1281 1770 suimus,

98 1785 141 1847 de
163 1793 253 1848 tanta
287 1785 458 1867 disciplina
479 1794 544 1849 tam
566 1786 716 1849 immanis
736 1787 870 1852 bestiae.
900 1789 1055 1854 Faciebat
1079 1791 1167 1854 enim
1187 1792 1281 1854 nobis

96 1889 285 1952 videntibus
306 1889 348 1952 ad
373 1896 487 1954 nutum
532 1891 678 1973 magistri
710 1893 762 1954 sni
789 1893 880 1954 mira.
922 1895 1019 1958 Hane
1045 1895 1182 1960 bestiam
1205 1898 1281 1960 emit

96 1995 194 2059 homo
219 1995 275 2057 ille
306 2015 371 2078 pro
401 1997 543 2081 quinque
571 1995 713 2058 millibus
739 1995 883 2081 ducatis,
912 2005 945 2060 et
966 2017 988 2061 a
1014 1999 1163 2064 Venetiis
1190 1999 1280 2062 duxit

96 2119 170 2164 eam
190 2101 225 2162 in
248 2097 479 2184 Germaniam,
519 2109 552 2165 et
573 2098 705 2164 multam
727 2104 896 2186 pecuniam
924 2105 1152 2190 congregavit:
1185 2123 1280 2168 nemo

96 2207 184 2269 enim
208 2207 452 2287 permittebatur
473 2225 545 2270 eam
567 2205 689 2290 videre,
712 2209 775 2272 nisi
798 2211 956 2292 praestito
977 2219 1129 2294 argento.
1158 2210 1279 2273 Postea

98 2309 194 2372 duxit
224 2329 298 2374 eam
330 2329 438 2395 usque
474 2313 508 2374 in
540 2311 761 2396 Britanniam,
785 2315 886 2379 etim
911 2317 946 2377 in
971 2316 1053 2378 mari
1083 2323 1278 2398 tempestate

97 2416 314 2499 compellente
331 2417 437 2499 ejecta
457 2417 527 2480 'init
543 2436 602 2499 per
619 2416 793 2498 naucleros¹
807 2417 849 2484 ad
871 2435 970 2502 mare,
985 2428 1021 2482 et
1039 2423 1086 2482 ita
1096 2421 1199 2502 periit.
1216 2429 1278 2484 etc.

197 2521 334 2586 Decima
390 2522 458 2604 die,
503 2540 589 2605 quae
639 2501 802 2589 sulatum·
838 2523 918 2607 fuit,
962 2527 1191 2607 navigavimus
1235 2525 1278 2588 ad

97 2626 291 2710 ecclesiam,
315 2645 401 2712 quae
428 2627 544 2690 dieitur
565 2625 602 2690 S.
622 2627 792 2697 Mariade
814 2623 946 2707 Gratia,
961 2639 1003 2714 ‘et
1023 2631 1161 2694 Missam
1183 2629 1278 2692 audi-

96 2733 225 2816 vimus,
247 2732 378 2796 atinde
408 2733 702 2816 navigavimusad
720 2731 762 2798 Βι
781 2735 927 2814 Mariam,
942 2735 985 2800 de
1014 2734 1194 2817 miraculis,
1222 2735 1277 2796 ubi

5 2855 8 2872 ’
96 2836 275 2901 ecclesiam
298 2840 369 2904 miri
394 2835 521 2902 decoris
542 2835 714 2900 aedificant
734 2855 807 2902 cnm
828 2842 1021 2904 monasterio
1052 2841 1275 2924 pulcherrimo.

2 2960 8 3029 ¹,
96 2939 257 3022 'l'empore
292 2959 385 3006 meae
431 2941 555 3026 primae
582 2943 849 3026 peregrinationis
869 2945 1004 3029 ,meepit
1036 2963 1214 3010 concursus
1236 2945 1277 3008 ad

96 3045 190 3110 illum
212 3046 318 3110 locum
339 3047 425 3131 lieri,
442 3066 504 3110 nec
519 3055 589 3112 erat
604 3047 649 3110 ibi
667 3045 934 3134 aliquacapelia,
952 3051 1012 3114 sed
1032 3060 1156 3116 tantum
1168 3055 1276 3134 imago

97 3150 216 3213 bealae
229 3151 373 3234 Virginis
398 3150 474 3234 (Β)
495 3153 530 3216 in
550 3139 662 3217 tabula
684 3153 784 3219 affixa
803 3157 929 3240 parieti,
958 3165 991 3220 et
1004 3157 1170 3223 dicebatur
1191 3157 1276 3242 quod

97 3255 256 3319 miracula
280 3257 326 3320 ibi
346 3257 471 3320 flerent.
495 3257 538 3320 Et
559 3258 667 3322 factus
686 3257 746 3323 luit
767 3246 877 3322 tantus
894 3279 1073 3326 concursus
1094 3271 1127 3323 et
1145 3261 1275 3344 oblatio,

98 3359 187 3443 quod
215 3361 260 3424 ibi
292 3381 380 3427 nuno
411 3372 463 3426 est
492 3380 548 3426 res
577 3364 719 3447 pretiosa
740 3373 774 3428 et
802 3363 918 3428 dicitur
945 3365 987 3428 ad
1016 3366 1054 3437 S.
1075 3367 1212 3430 Mariam
1235 3365 1276 3428 de

2 3463 5 3494 ³·
98 3465 276 3530 miraculis.
322 3467 376 3530 De
400 3483 466 3552 quo
488 3467 563 3550 plus
585 3468 689 3531 dicam
709 3470 766 3539 iol.
789 3471 862 3535 208.
885 3469 923 3532 B.
946 3479 1039 3554 parte
1058 3472 1089 3537 2.

182 3569 363 3636 Undecima
389 3571 459 3656 die,
482 3591 566 3659 quae
587 3573 648 3636 tuit
678 3573 839 3638 dominica
866 3575 952 3640 infra
978 3585 1115 3640 octavas
1142 3577 1275 3638 Ascen-

98 3673 203 3739 sionis
214 3673 358 3762 Domini,
382 3675 494 3742 audita
508 3675 615 3744 ddisse
634 3679 670 3741 in
691 3682 837 3762 proxima
858 3679 998 3744 ecclesia
1014 3679 1111 3763 juxta
1130 3691 1274 3746 nostrum

97 3779 280 3864 hospitium
297 3789 333 3846 et
354 3791 483 3866 sumpto
503 3783 639 3866 prandio
660 3782 887 3870 navigavimus
910 3785 952 3850 ad
966 3787 1136 3850 ecelesiam
1157 3787 1276 3850 dictam

99 3884 142 3948 de
164 3883 330 3971 Castello,
352 3887 409 3952 ubi
431 3887 554 3952 residet
580 3888 770 3954 Patriaroha
790 3899 944 3975 venetus,
973 3899 1005 3954 et
1026 3900 1104 3955 sunt
1121 3892 1167 3955 ibi
1188 3892 1274 3955 omui

1 4043 5 4084 ,
97 3988 261 4056 dominica
301 3993 466 4076 plenariae
494 3992 732 4079 indulgentiae,
764 3997 825 4059 hes
864 3996 1082 4080 indulgentias
1115 3997 1274 4061 solvimus

98 4104 131 4158 et
152 4095 259 4162 locum
296 4097 448 4162 vidimus.
490 4098 552 4161 Est
582 4099 665 4163 enim
696 4101 837 4164 ecclesia
866 4120 986 4184 magna
1007 4103 1212 4191 etantiqua,
1241 4108 1273 4163 et

1 4194 4 4205 ⁴
98 4199 279 4284 reperimus
306 4203 402 4268 inea
424 4205 554 4268 fratrem
589 4203 710 4268 ordinis
742 4205 1002 4271 Praedicatorum
1023 4203 1272 4287 praedicantem,

1018 4305 1063 4364 7*
