2768 4780
721 115 787 182 253

160 293 270 366 locam
282 293 400 361 tratres
419 293 539 361 montis
554 292 646 380 Syon
668 293 701 360 in
724 313 834 362 eorum
847 293 1017 365 deuotione
1034 296 1195 382 quondam
1216 299 1340 366 habue-

162 409 249 486 runt,
270 407 305 466 et
326 399 467 483 pertinet
487 398 528 464 ad
550 401 724 466 eeclesiam
748 398 860 485 Syon,
881 401 1027 466 inclusus
1050 400 1162 466 eodem
1184 423 1274 468 muro
1299 407 1341 472 ad

160 513 260 590 capnt
282 504 383 570 chori.
427 503 527 568 Porro
549 503 713 572 Soldauus
735 507 857 590 recepit
878 505 1033 570 iratribus
1054 505 1159 571 locum
1188 508 1277 572 illum
1300 531 1340 578 ea

163 610 206 676 do
236 626 345 674 causa.
398 607 518 674 Judaei
549 610 659 676 multis
689 611 892 695 temporibus
918 620 951 675 et
977 610 1073 676 hodie
1100 612 1223 678 instant
1253 615 1338 700 apud

163 735 274 800 regem
301 713 478 778 Soldanum
510 733 569 798 pro
592 716 664 781 loeo
686 715 751 801 illo,
770 715 812 780 ad
837 715 1025 782 faciendum
1053 718 1117 782 sibl
1146 723 1337 788 oratoriumt

164 829 200 886 et
221 841 241 884 e
266 828 378 886 contra
399 817 575 885 Christiani
598 822 823 889 reclamabant.
846 820 989 885 'l'andem
1012 820 1174 888 Soldauus
1201 827 1340 892 iuterro-

162 929 275 1012 gavit:
298 925 405 1010 qualis
426 933 533 990 tamen
555 929 739 992 sanctitatis
765 935 855 992 esset
876 926 969 990 locus
997 924 1078 992 ittet
1111 935 1144 990 et
1172 947 1245 994 cnm
1275 932 1339 996 sibi

163 1030 283 1096 dictum
306 1037 407 1113 esset,
438 1028 523 1114 qnod
544 1030 651 1096 David
677 1050 750 1097 cum
772 1033 910 1096 caeteris
931 1034 1062 1118 regibus
1094 1033 1277 1100 Jerusalem
1297 1036 1340 1100 de

161 1135 235 1220 ejus
261 1135 386 1200 semine
411 1135 456 1200 ibi
476 1137 597 1220 sepulti
615 1145 747 1220 esseut3
770 1135 870 1200 dixitr
898 1145 930 1200 et
956 1155 1017 1201 nos
1038 1135 1211 1202 sarraceni
1230 1139 1338 1206 David

162 1250 313 1306 sanctum
334 1247 494 1326 tenemus,
517 1259 620 1326 aequo
641 1244 726 1306 siout
749 1241 929 1306 Christiani
952 1251 985 1306 et
1005 1241 1125 1308 Judaei
1146 1251 1179 1306 et
1200 1245 1337 1310 llibliam

160 1344 324 1410 credimus
345 1348 430 1410 slent
450 1355 483 1410 et
510 1347 581 1432 ipsi.
632 1347 755 1412 Locum
784 1363 862 1430 ergo
895 1346 985 1410 illum
1038 1365 1099 1412 nec
1131 1347 1177 1412 illi
1200 1367 1262 1415 nee
1281 1351 1338 1416 isti

161 1451 336 1534 habebunt,
357 1451 417 1514 sed
439 1471 499 1518 noe
520 1471 594 1516 eum
620 1453 809 1535 recipimus,
839 1459 871 1514 et
906 1452 951 1514 ita
983 1451 1073 1516 venit
1096 1455 1129 1516 ln
1152 1454 1337 1520 Jerusalem

163 1566 198 1621 et
218 1557 334 1622 ostium
359 1555 446 1622 illius
466 1557 621 1642 capellae,
643 1575 701 1641 per
722 1554 807 1642 quod
827 1557 868 1620 ab
890 1557 973 1622 intra
993 1556 1034 1622 de
1054 1560 1247 1625 monasterio
1270 1570 1339 1626 erat

163 1665 353 1746 ingressus,
376 1663 562 1746 obstruxit,
592 1671 625 1726 et
647 1665 751 1746 ipsam
774 1662 932 1745 capellam
965 1663 1167 1749 profanavit,
1203 1664 1337 1748 ejiciens

162 1768 277 1832 altaria
297 1765 421 1832 Christi
443 1777 475 1832 et
498 1766 669 1837 destruens
690 1777 722 1832 et
737 1767 850 1832 dolena
871 1768 1031 1850 imagines
1043 1768 1188 1852 sculptas
1211 1779 1243 1833 et
1265 1773 1337 1855 pic-

162 1881 215 1936 tas
237 1890 374 1956 eamque
395 1872 483 1939 cultu
501 1873 710 1956 spurcissimo
738 1873 936 1936 Machameti
966 1879 1142 1954 coaptans,
1173 1875 1211 1936 ab
1245 1883 1338 1937 extra

164 1979 289 2042 faciens
310 1981 439 2060 ostium,
466 1986 501 2040 nt
521 1975 695 2042 Sarraceni
715 1975 840 2060 ingredi
862 1983 1008 2059 possent,
1029 1975 1104 2041 dnm
1125 1975 1283 2067 placeret3
1303 1986 1337 2041 et

164 2087 242 2171 quia
257 2085 349 2152 loeus
370 2082 518 2166 superior
538 2099 636 2164 supra
657 2081 852 2146 testudinem
873 2079 1018 2164 capellae
1039 2087 1108 2144 erat
1131 2079 1338 2146 Christiano-

165 2211 236 2256 rum
257 2199 291 2254 et
312 2189 445 2252 fratrum
466 2196 500 2250 et
522 2186 581 2251 init
603 2186 729 2270 capella
749 2204 866 2270 magua
899 2192 931 2246 et
959 2189 1101 2270 pretiosa
1131 2206 1189 2270 per
1227 2205 1336 2272 regem

164 2297 324 2360 Franciae
342 2291 476 2358 lhndata
496 2291 529 2355 in
551 2291 633 2376 loco,
656 2293 689 2355 iu
712 2310 775 2375 quo
786 2291 927 2376 Spiritus
943 2295 1076 2353 sanctus
1098 2291 1131 2354 in
1153 2290 1337 2356 diePente·

165 2407 276 2466 costes
297 2416 396 2483 super
417 2396 593 2480 discipulos
623 2398 731 2480 venit,
754 2403 791 2460 ut
820 2397 972 2478 superins
1004 2394 1224 2480 dictumest,
1259 2397 1337 2462 lecit

163 2505 325 2571 Scldanus
339 2505 437 2568 etiam
459 2501 595 2567 earrdem
616 2501 772 2585 capellam
789 2501 923 2583 destrui,
943 2508 976 2565 et
998 2498 1193 2564 testudinem
1207 2499 1335 2586 deponi,

165 2620 198 2676 et
228 2612 345 2676 ostium
382 2607 522 2692 obstrui,
549 2625 591 2672 ne
631 2605 807 2672 Christiani
843 2603 981 2688 pedibus
1013 2620 1113 2688 supra
1142 2605 1334 2672 testudinem

165 2717 364 2782 muschkeae
391 2713 651 2796 deambularerrt3
680 2720 712 2777 et
732 2713 779 2776 ito
801 2711 918 2778 iratres
946 2710 1002 2775 illu
1035 2710 1099 2776 duo
1130 2713 1271 2795 pretiosa
1301 2722 1337 2778 et

164 2811 279 2889 sancta
298 2820 373 2883 loca
391 2816 609 2902 perdiderunt,
630 2824 761 2900 propter
786 2816 983 2882 ludaeorum
1006 2816 1255 2882 sollicitudinem
1276 2835 1336 2900 pro

162 2926 220 2991 illa
240 2923 382 2987 inferiori
405 2921 487 3006 loco,
509 2940 650 3006 proquo
672 2920 768 2984 hodie
789 2921 935 2986 laborant
964 2921 1050 3005 apud
1078 2921 1278 3005 Soldaunm,
1303 2929 1336 2984 et

164 3027 374 3098 multamilia
396 3025 607 3092 talentaeuri
633 3023 774 3090 offerunt
803 3043 841 3090 se
873 3026 1006 3094 daturos
1037 3046 1095 3110 pro
1127 3026 1208 3091 loeo.
1262 3024 1336 3088 lloo

163 3144 272 3201 autem
294 3153 358 3198 nou
381 3132 514 3214 iaciunt,
535 3130 621 3216 qnod
641 3139 763 3196 tautum
785 3129 968 3198 alliciantur
989 3133 1171 3216 sepulchris
1193 3129 1336 3194 Sancto-

165 3261 235 3306 rum
257 3250 290 3304 et
308 3241 483 3305 sanctitate
504 3237 578 3323 loci,
599 3236 659 3302 sod
671 3245 815 3322 sperant,
835 3254 873 3300 ae
894 3253 993 3319 posse
1014 3236 1056 3300 ad
1076 3235 1201 3302 loculos
1223 3251 1335 3318 regum

163 3348 335 3432 peruenire
356 3353 389 3408 et
410 3343 580 3408 thesauros
605 3343 754 3426 reperire.
790 3340 934 3409 Credunt
956 3342 1041 3404 enim
1059 3341 1142 3404 istos
1165 3339 1335 3404 thesauros

163 3453 227 3516 sibi
248 3451 365 3516 ibidem
388 3465 463 3512 esso
485 3456 678 3515 reservatos.
722 3445 800 3511 ldeu
821 3446 968 3512 noctibus
989 3462 1090 3528 saepe
1111 3446 1155 3510 tui
1174 3452 1288 3509 euntes
1302 3452 1336 3506 et

163 3564 345 3622 scrutantes
377 3556 495 3639 reperti
526 3561 621 3632 sunt,
664 3559 699 3616 et
739 3568 966 3635 nonnunquam
996 3559 1083 3616 artae
1121 3552 1265 3636 magicas
1301 3555 1335 3612 et

164 3663 399 3726 incantationes
420 3659 464 3725 ibi
486 3666 649 3724 exercent.
691 3655 898 3720 Desiderlum
921 3649 1071 3742 magnam
1098 3657 1196 3722 habui
1228 3656 1333 3721 locum

164 3766 253 3831 illum
283 3767 324 3831 ab
357 3767 441 3829 intra
466 3763 578 3830 videre
607 3770 639 3826 et
671 3779 736 3825 nou
763 3778 835 3828 sum
868 3761 1036 3826 fraudatus
1063 3761 1223 3826 desiderio
1251 3779 1333 3824 meo.
1371 3829 1372 3836 χ

163 3871 249 3936 Nam
272 3877 385 3935 custos
412 3867 608 3936 muschkeae
621 3883 814 3934 sarracenus
837 3864 974 3951 quadam
994 3865 1046 3930 dia
1068 3867 1335 3952 repentesperira

164 3975 280 4040 uolens
296 3981 335 4038 'et
357 3972 507 4038 claudere
529 3989 601 4037 oum
623 3971 718 4037 clave
739 3989 846 4036 seram
870 3973 1023 4056 corrupit,
1045 3973 1090 4037 ita
1121 3971 1208 4056 quod
1240 3988 1336 4054 repa-

164 4082 277 4166 gulum
308 4081 447 4144 terreum
469 4097 541 4144 cum
570 4077 664 4146 clavo
692 4095 909 4146 inoverenon
939 4079 1053 4164 potuit,
1084 4085 1116 4140 et
1149 4081 1196 4142 ita
1226 4091 1337 4140 reces-

165 4189 220 4272 sit,
243 4187 431 4272 relinquens
447 4187 656 4256 ruuschlream
679 4192 831 4268 apertam,
853 4201 937 4268 quae
959 4187 1070 4266 aperta
1091 4181 1219 4264 mansit,
1242 4197 1337 4264 quarn
