2608 4842
510 131 574 204 ate

4 319 268 385 transivimus
293 319 330 384 in'
348 317 490 386 ecclesia
500 365 512 405 ,
546 320 773 388 descendimus
793 319 835 393 ab'
852 321 991 388 'omento
1012 330 1126 386 eontra

4 436 171 510 entem,
198 435 231 489 et
251 427 285 489 iu
316 425 382 490 line
403 427 565 490 eeclesiae
586 447 644 511 per
665 429 783 492 ostium
817 429 979 494 exivimus
1013 435 1125 492 contra

4 552 90 618 nm,
117 540 258 616 partem
278 531 375 595 unam
397 534 538 596 ambitus
559 533 830 618 perambulantes,
852 534 1021 598 etiterum
1043 539 1125 596 coni

4 639 93 702 mus
132 655 206 702 nos
228 637 354 706 eontra,
370 637 554 720 aquilonem
585 647 620 700 et
651 637 693 702 ad
715 648 812 721 caput
848 638 940 702 chori
962 639 1124 720 venimus,

4 761 28 806 e
55 763 133 826 per
156 741 285 826 gradrrs
307 742 514 806 ascendimus
532 742 575 805 ad
594 741 758 827 quoddam
779 743 1009 828 habitaculum,
1031 743 1125 828 cujus

4 869 43 911 m
79 847 261 931 lapidibus
292 848 510 930 obstructum,
532 855 668 930 'propter
695 866 829 912 causam
855 847 1036 912 'dicendam
1069 847 1124 912 iol.

30 953 126 1016 Hoc
149 952 243 1016 enim
265 953 484 1016 habitaculum
505 953 620 1016 estad
642 953 965 1037 operantemque
987 949 1066 1034 (05
1074 951 1127 1030 Α)

4 1077 50 1122 us
89 1058 139 1121 ab
184 1057 310 1120 oriente
351 1059 462 1122 nullas
495 1058 594 1122 hebet
637 1057 800 1120 fenestras
836 1058 1026 1140 praestante
1064 1057 1128 1120 lroe

4 1165 130 1229 :acula
161 1161 410 1245 impedimento:
441 1163 503 1227 sed
533 1164 642 1240 solnm
659 1161 768 1226 lumen
786 1163 896 1226 'habet
928 1182 949 1248 a
980 1159 1124 1228 meridie.

4 1270 174 1334 andimus
195 1286 276 1351 ergo
300 1286 373 1332 eum
395 1269 606 1352 processione
625 1267 809 1352 praedictos
837 1266 978 1351 padus,
996 1274 1030 1329 et
1051 1273 1127 1329 ante

4 1381 151 1436 ructum
170 1373 291 1436 ostium
307 1375 459 1456 prostrati
478 1372 696 1458 adoravimus,
718 1383 751 1436 et
769 1372 933 1456 plenarias
949 1370 1126 1454 indulgeu-

4 1477 120 1540 etiam
131 1477 190 1540 hie
209 1477 494 1562 accepimus(††),
510 1488 547 1542 et
563 1479 718 1563 hymnum
733 1477 920 1542 inchoatum
935 1493 1011 1541 eum
1030 1476 1127 1541 suavi

5 1583 172 1646 ulatione
194 1583 410 1668 concinimus,
435 1584 517 1647 adeo
538 1583 627 1669 qued
646 1601 748 1647 sonus
775 1583 888 1666 procul
916 1583 1126 1666 peromnem

4 1697 89 1751 ‚tem
113 1687 210 1770 Syon
232 1697 264 1751 et
286 1691 350 1771 per'
365 1689 551 1754 Jerusalem
572 1681 822 1758 diffundebatur.
850 1687 928 1752 Nou
949 1669 1034 1752 euim
1054 1695 1126 1752 erat

4 1813 32 1856 ts
54 1792 216 1873 clausus,
236 1793 297 1857 sed
318 1793 379 1858 sub
401 1795 479 1860 divo
506 1797 540 1858 in
561 1795 627 1859 alto
649 1795 870 1858 consistentes
890 1791 1126 1874 jocundissime

4 1898 178 1962 lavimus:
212 1899 372 1961 recordati
394 1884 542 1983 quadiu
563 1899 627 1964 hoc
648 1899 721 1962 loco
743 1897 826 1961 coen
846 1896 1086 1978 distillaverunt
1104 1915 1127 1960 a

4 2023 31 2066 e
65 2001 134 2064 Dei
167 1999 288 2084 Synai,
318 2021 339 2063 a
375 2002 459 2066 faeie
489 2003 552 2066 llei
584 2003 704 2084 Israel,
737 2009 770 2063 et
801 2001 913 2084 pluvia
944 2001 1128 2064 voluntaria

4 2115 130 2190 tegata
149 2112 203 2168 est
223 2105 416 2170 haereditati
438 2107 570 2171 Christi.
591 2110 656 2170 llic
677 2104 969 2190 namqueSpiritns
989 2113 1126 2172 sanctus

4 2210 124 2276 antino
146 2210 255 2275 sonitu
284 2228 383 2294 super
412 2211 589 2294 discipulos
611 2212 703 2275 venit
720 2213 923 2297 'mentesque
950 2211 1126 2275 oarnssium

4 2320 62 2383 sui
84 2321 224 2380 amorem
257 2315 455 2398 permutauit
468 2320 509 2396 'et
530 2316 610 2380 loris
632 2316 876 2399 apparentibus
893 2315 992 2398 lignis
1018 2315 1127 2398 igneis

4 2444 41 2490 us
66 2423 250 2485 factasunt
272 2421 371 2485 corda
396 2421 593 2484 flammantia
600 2425 618 2504 ,'
638 2421 715 2504 quia
747 2419 824 2482 (lum
851 2421 960 2483 Deum
986 2421 1020 2484 in
1040 2421 1127 2502 iguis

4 2533 86 2593 ione
106 2529 295 2609 suscipiunt,
326 2545 385 2609 per
416 2544 556 2590 amorem
587 2525 735 2589 suaviter
762 2533 922 2589 arserunt.
974 2523 1126 2588 Christus

4 2635 46 2698 im
82 2633 232 2697 coelestia
259 2641 375 2714 petens
412 2633 579 2715 praecepit
610 2629 789 2714 discipulis,
820 2649 841 2692 a
868 2629 1053 2693 Jerusalem
1085 2648 1127 2692 ne

4 2737 172 2820 scederent,
194 2737 253 2801 sed
274 2737 382 2800 Patris
397 2737 645 2822 promissionem
661 2743 898 2820 exspectarent.
921 2738 965 2798 Et
985 2735 1127 2819 ingressi

4 2865 27 2908 ,c
50 2845 83 2906 in
101 2843 159 2908 hoe
177 2843 359 2906 habitaculo
381 2843 484 2906 clausi
506 2842 680 2908 manebant
709 2847 847 2924 propter
861 2850 980 2905 motum
999 2841 1127 2906 Judae-

2 2970 77 3032 um,
95 2955 126 3010 et
144 2957 231 3011 erant
247 2949 300 3011 lric
322 2948 459 3012 desolati
481 2956 514 3010 et
534 2947 685 3030 orphani,
706 2945 812 3028 ignari
833 2953 867 3008 et
887 2946 1003 3028 inscii,
1026 2947 1126 3012 timo·

5 3055 36 3118 si
56 3059 89 3115 et
108 3052 225 3136 trepidi.
257 3053 323 3116 Sed
344 3041 486 3137 Spiritus
507 3061 647 3116 sanctus
667 3050 848 3114 adsentiens
870 3052 1125 3116 consolationem
1189 3083 1192 3110 t

3 3157 177 3224 alcissimam
210 3158 333 3240 altulit,
369 3160 562 3243 sapientiam
590 3157 821 3220 'clarissimam
858 3155 992 3238 inludit,
1030 3159 1127 3222 robur

4 3263 169 3328 artissimum
189 3262 291 3347 dedit,
314 3272 347 3326 et
365 3272 555 3330 constantes
575 3271 608 3324 et
630 3262 782 3344 ingratia
801 3261 983 3324 confirmati
1015 3259 1125 3329 muudi

4 3369 171 3449 rincipatum
205 3376 409 3449 aeceperunt.
451 3370 550 3430 lintre
581 3350 690 3449 locuni
719 3370 869 3426 sanctum
897 3363 1016 3426 clarius
1048 3363 1127 3426 des·-

4 3475 101 3555 tibam‚
118 3477 183 3534 cum
205 3469 248 3532 de
268 3469 440 3558 sepulchro
460 3468 570 3534 David
591 3470 721 3534 venerit
743 3464 928 3533 dicendum,

39 3739 164 3830 Locus,
186 3735 245 3814 ubi
270 3733 312 3816 S.
339 3735 502 3814 Thomas
524 3739 730 3840 Apostolus
753 3735 884 3815 dubius
910 3736 1055 3816 Domini

381 3859 533 3936 vulnera
557 3858 690 3960 tetigit.

64 4095 167 4159 lleinde
199 4097 302 4162 locum
335 4099 425 4161 illum
465 4096 669 4162 deseruimus
699 4108 733 4162 et
762 4115 821 4181 per
862 4098 985 4181 gradus
1022 4091 1125 4176 prope

4 4219 84 4266 ¹cotum
106 4201 314 4266 descendimus
334 4203 368 4266 in
397 4202 566 4286 ambitum,
601 4212 635 4268 et
657 4205 690 4298 in
712 4202 886 4286 'capellam
918 4203 954 4270 S.
980 4199 1124 4263 'rhomae
