2596 4788
547 43 686 226 ,esf

985 244 1148 314 .'’a

10 369 205 476 omorio
230 342 521 476 Anastasis-est
548 345 757 476 eommunis·
770 397 935 478 omuibus
961 397 1197 497 christina,

11 519 272 622 quomodo
278 521 463 622 peregrini
486 545 676 620 numquam
696 520 988 617 intromittuntur,
1009 523 1083 599 nisi
1105 521 1197 602 dent

10 640 358 744 ›utum'·templi,
392 649 432 717 et
454 640 503 718 tle
527 641 637 719 modo
671 641 903 740 ingrediendi
936 645 1125 748 templum,
1156 653 1197 726 et

295 761 344 852 de
368 761 557 865 multipliei
582 767 687 838 secta
710 763 748 836 in
773 763 921 865 templo.

49 945 228 1025 Quarto
253 949 290 1007 et
310 943 424 1008 ultimo
441 941 616 1008 videndum
633 953 685 1008 est
707 943 749 1008 de
767 945 1022 1010 inhabitantibus
1042 945 1194 1029 templum

10 1053 227 1134 temetum,
270 1057 303 1112 et
325 1050 382 1132 qni
407 1051 490 1131 sint,
521 1051 579 1133 qui
600 1049 643 1112 in·
656 1067 696 1113 eo
717 1049 836 1114 Officia
854 1069 917 1116 sua
947 1059 1128 1134 peragunt,
1162 1059 1196 1112 et

10 1177 58 1222 ea
94 1159 177 1222 hoe
214 1153 425 1220 videbimus
443 1173 512 1217 rem
550 1154 733 1218 horribilem
765 1165 799 1219 et
835 1165 1082 1221 monstruosam.
1105 1219 1106 1222 ,
1132 1155 1196 1218 Fst

10 1267 62 1325 lm
104 1259 229 1326 moin
257 1260 420 1342 (fautum)
451 1259 515 1321 hoe
536 1259 691 1342 templum
712 1260 907 1324 admodum
939 1261 1059 1325 arehae
1088 1259 1194 1343 Noae,

26 1385 109 1450 qua
124 1365 308 1429 omnium
329 1365 524 1442 bestiarum,
557 1365 743 1428 mundarum
777 1372 812 1428 et
842 1365 1076 1430 immundarum
1098 1361 1195 1428 ‹lille-

10 1475 133 1558 ntiae,
161 1470 301 1534 demtis
323 1469 480 1552 piseibus.
509 1466 568 1533 Sie
584 1479 618 1533 et
643 1471 687 1534 ibi
710 1469 818 1532 nullus
838 1470 955 1554 piscis,
988 1472 1009 1536 i.
1032 1489 1060 1532 e.
1085 1467 1195 1532 nuum

10 1580 77 1662 quis
100 1575 335 1642 infidelitatis
356 1576 540 1658 immersus,
564 1575 673 1638 nullus
693 1573 874 1658 idololatra,
893 1575 1003 1638 nullus
1025 1572 1192 1638 Christum

10 1683 151 1746 ›solute
172 1697 333 1764 negans,
366 1679 465 1742 habet
485 1679 613 1761 locum,
651 1697 713 1742 nee
738 1681 772 1742 in
795 1699 835 1743 eo
859 1679 1059 1743 subsistendi
1084 1681 1193 1744 laeum

10 1789 163 1872 uveniat,
179 1789 290 1850 sieut
310 1802 380 1846 neo·
396 1782 502 1866 (tas
512 1783 568 1866 Δ)
591 1792 685 1848 extra
706 1803 832 1870 aquam.
875 1783 943 1848 Sed
964 1785 1070 1848 solum
1091 1783 1192 1848 Chri·

10 1892 139 1954 tioolae
163 1891 226 1953 ihi·
238 1897 385 1973 manent,
400 1897 436 1951 et
455 1891 519 1955 hoe
540 1891 615 1952 sive
635 1890 703 1952 siut
723 1888 835 1951 mundi
853 1887 931 1952 fidei
950 1891 1098 1974 veritate,
1119 1891 1193 1954 sive
1228 1904 1234 1917 ·

10 1996 165 2059 nmuurli
187 1995 364 2060 haeretios
383 1995 558 2078 pravitate,
583 1994 639 2057 vel
659 1995 734 2056 sive
754 1995 822 2056 sint
842 1992 1012 2058 domemiei
1034 1993 1195 2058 catholiea

10 2102 171 2183 feritate,
208 2101 289 2163 slve
316 2097 472 2162 indomati
496 2105 530 2162 et
549 2098 724 2162 silvestres
751 2099 962 2162 sehismatioa
993 2098 1191 2162 diversitate

10 2201 258 2287 Quaecumque
281 2206 365 2267 euim
386 2221 469 2289 gens
502 2203 668 2267 Christum
688 2222 749 2287 pro
769 2203 842 2268 lleo
862 2205 957 2287 colit,
988 2221 1192 2288 quocumque

10 2308 106 2371 morlo
137 2308 226 2372 illud
262 2310 393 2394 eredat,
422 2311 495 2375 sive
534 2309 646 2373 eredat
678 2316 886 2372 coaeternum
918 2317 952 2372 et
982 2308 1192 2390 eoaequalem

10 2413 117 2496 patri,
152 2415 231 2478 sive
256 2433 338 2498 non,
367 2423 545 2479 creatorem
566 2419 624 2478 aut
652 2422 833 2477 ereaturam
864 2431 999 2497 puram,
1030 2412 1191 2476 homiuem

10 2535 130 2580 verum
153 2528 214 2582 aut
234 2509 493 2602 phantasticum,
523 2535 657 2601 passum
683 2525 741 2580 aut
769 2536 836 2582 uon
856 2535 1006 2601 passum,
1032 2526 1191 2580 mortuum

13 2629 71 2682 aut
99 2641 168 2684 uun
190 2633 370 2706 mortuum,
406 2631 686 2687 sacramentorum
706 2623 792 2707 vim,
821 2631 880 2686 aut
909 2623 1049 2706 nullam,
1067 2621 1190 2706 Papam

15 2741 92 2786 esse
120 2729 286 2792 vinarium
318 2728 438 2794 Christi
464 2738 521 2793 aut
550 2748 633 2812 non,
664 2729 785 2811 singuli
818 2730 981 2812 reperiunt
1007 2729 1043 2790 ln
1071 2725 1190 2810 templo

16 2825 81 2888 hoo
103 2828 170 2893 sibi
186 2834 330 2919 similes,
350 2842 383 2899 et
403 2833 532 2918 ingredi
552 2835 712 2897 sinuntur.
744 2835 789 2898 hlt
809 2835 839 2898 si
860 2834 956 2898 hodie
976 2832 1085 2917 aliqua
1104 2847 1189 2916 gens

19 2933 158 3016 veniret,
181 2936 265 3001 adeo
285 2939 429 3002 horribili
448 2937 579 3001 haeresi
597 2937 730 3021 iuleeta,
745 2940 791 3002 ita
811 2940 898 3024 quud
918 2938 999 3002 nulli
1019 2939 1053 3001 in
1074 2943 1189 3002 saneta

24 3036 166 3100 eeclesia
194 3041 252 3104 illa
283 3061 354 3106 eam
375 3042 416 3105 ad
436 3059 499 3104 sua
520 3041 636 3106 Officia
661 3043 786 3106 vellent
808 3044 993 3127 admittere,
1023 3041 1188 3106 soldanus

23 3143 184 3224 proprium
205 3146 339 3212 eborum
361 3155 395 3211 et
415 3146 647 3212 habitationem
669 3147 771 3212 eidem
793 3148 827 3210 in
847 3148 905 3212 illa
925 3149 1066 3212 ecelesia
1082 3147 1186 3228 daret,

29 3245 170 3312 etiamsi
191 3252 347 3338 erederet,
368 3251 534 3318 Christum
556 3271 621 3317 non
643 3253 745 3316 hrisse
764 3253 938 3334 hominem,
959 3252 1019 3314 sed
1038 3251 1188 3330 beatiano,

31 3343 194 3416 dummodo
213 3355 376 3424 Christum
398 3359 486 3423 diuet
506 3377 602 3422 suum
621 3357 729 3421 Deum
749 3374 835 3420 esse
877 3356 985 3418 Nemo
1005 3355 1049 3418 rbi
1072 3352 1188 3416 exelu-
1227 3421 1230 3428 ,

34 3449 130 3537 ditur,
151 3459 258 3524 nulus
278 3463 441 3546 repellitur
447 3483 457 3547 ;
480 3463 675 3547 quicumque
702 3461 801 3525 solvit
822 3458 1015 3523 Sarracenis
1035 3457 1188 3524 tributum

35 3559 159 3644 templi,
178 3583 236 3644 pro
255 3567 406 3650 ingressu
427 3569 570 3651 quinque
591 3567 745 3649 ducatos,
776 3564 832 3628 ille
851 3561 1051 3646 ingreditur,
1083 3579 1188 3645 quau-

38 3665 225 3746 tnmounque
257 3671 438 3736 immundus
471 3673 523 3736 sit.
578 3671 652 3733 Nee
691 3670 788 3733 alieni
817 3669 1001 3734 Christiano
1035 3667 1188 3752 templum

42 3764 198 3850 tranunt,
218 3772 281 3836 nisi
298 3775 412 3839 solutis
434 3776 578 3860 quinque
599 3773 742 3858 ducatis3
758 3797 761 3804 ¹
775 3783 810 3838 et
830 3777 866 3838 in
885 3774 948 3837 hoe
967 3792 1031 3838 non
1053 3765 1189 3855 parenni

44 3880 100 3926 neo
117 3868 262 3938 fratribus
281 3881 396 3944 montis
418 3879 528 3964 Syon,
550 3897 721 3964 quosnon
741 3879 971 3963 intromittunt,
993 3877 1059 3942 nisi
1082 3877 1189 3944 solutu

48 3967 170 4057 tribut03
192 3975 291 4046 demto
312 3992 464 4068 tempore,
478 4003 543 4069 quo
562 3985 726 4070 peregrini
748 3986 876 4048 suntin
897 3983 1093 4064 Jerusalem,
1115 3997 1190 4043 curn

50 4072 153 4150 quihus
173 4086 271 4162 gratis
288 4089 560 4154 intromittuntur..
577 4092 621 4153 Et
640 4099 784 4175 tempore
805 4091 973 4156 absentiae
995 4085 1190 4172 peregrim·

56 4189 115 4238 mm
134 4199 193 4249 non
212 4205 342 4270 possunt
368 4201 495 4262 mutare
515 4193 669 4258 enstodes
697 4194 824 4277 templi,
855 4193 915 4258 sed
937 4195 1007 4272 illi,
1040 4191 1191 4271 quicum
