<?xml version="1.0" encoding="UTF-8"?>
<!DOCTYPE html PUBLIC "-//W3C//DTD XHTML 1.0 Transitional//EN"
    "http://www.w3.org/TR/xhtml1/DTD/xhtml1-transitional.dtd">
<html xmlns="http://www.w3.org/1999/xhtml" xml:lang="en" lang="en">
 <head>
  <title>
</title>
<meta http-equiv="Content-Type" content="text/html;charset=utf-8" />
  <meta name='ocr-system' content='tesseract 3.04.00' />
  <meta name='ocr-capabilities' content='ocr_page ocr_carea ocr_par ocr_line ocrx_word'/>
</head>
<body>
  <div class='ocr_page' id='page_1' title='image "./fratrisfelicisf01fabrgoog_0324.png"; bbox 0 0 2608 4842; ppageno 0'>
   <div class='ocr_carea' id='block_1_1' title="bbox 18 357 1173 1286">
    <p class='ocr_par' dir='ltr' id='par_1_1' title="bbox 18 357 1173 1286">
     <span class='ocr_line' id='line_1_1' title="bbox 21 357 1171 444; baseline 0.003 -22"><span class='ocrx_word' id='word_1_1' title='bbox 21 357 189 442; x_wconf 63' lang='lat' dir='ltr'><strong>new,</strong></span> <span class='ocrx_word' id='word_1_2' title='bbox 222 367 379 444; x_wconf 83' lang='lat' dir='ltr'><strong>quantum</strong></span> <span class='ocrx_word' id='word_1_3' title='bbox 402 361 518 424; x_wconf 89' lang='lat' dir='ltr'><strong>iterum</strong></span> <span class='ocrx_word' id='word_1_4' title='bbox 540 369 702 444; x_wconf 83' lang='lat' dir='ltr'><strong>evagatus</strong></span> <span class='ocrx_word' id='word_1_5' title='bbox 732 379 805 424; x_wconf 88' lang='lat' dir='ltr'><strong>sum</strong></span> <span class='ocrx_word' id='word_1_6' title='bbox 826 359 868 424; x_wconf 85' lang='lat' dir='ltr'><strong>‹le</strong></span> <span class='ocrx_word' id='word_1_7' title='bbox 896 362 1080 444; x_wconf 78' lang='lat' dir='ltr'><strong>proposito,</strong></span> <span class='ocrx_word' id='word_1_8' title='bbox 1111 363 1171 426; x_wconf 82' lang='lat' dir='ltr'><strong>sed</strong></span> 
     </span>
     <span class='ocr_line' id='line_1_2' title="bbox 38 461 1173 548; baseline 0.004 -24"><span class='ocrx_word' id='word_1_9' title='bbox 38 461 194 526; x_wconf 81' lang='lat' dir='ltr'><strong>redeo.</strong></span> <span class='ocrx_word' id='word_1_10' title='bbox 240 463 378 546; x_wconf 78' lang='lat' dir='ltr'>Capella</span> <span class='ocrx_word' id='word_1_11' title='bbox 401 466 551 548; x_wconf 87' lang='lat' dir='ltr'><strong>praefata</strong></span> <span class='ocrx_word' id='word_1_12' title='bbox 577 469 638 528; x_wconf 87' lang='lat' dir='ltr'><strong>suh</strong></span> <span class='ocrx_word' id='word_1_13' title='bbox 662 475 776 528; x_wconf 87' lang='lat' dir='ltr'><strong>monte</strong></span> <span class='ocrx_word' id='word_1_14' title='bbox 806 465 980 529; x_wconf 67' lang='lat' dir='ltr'><strong>salvusne</strong></span> <span class='ocrx_word' id='word_1_15' title='bbox 999 474 1050 528; x_wconf 89' lang='lat' dir='ltr'><strong>est</strong></span> <span class='ocrx_word' id='word_1_16' title='bbox 1072 463 1173 528; x_wconf 81' lang='lat' dir='ltr'><strong>Chri-</strong></span> 
     </span>
     <span class='ocr_line' id='line_1_3' title="bbox 18 567 1171 654; baseline 0.003 -25"><span class='ocrx_word' id='word_1_17' title='bbox 18 585 176 630; x_wconf 74' lang='lat' dir='ltr'><strong>norum</strong></span> <span class='ocrx_word' id='word_1_18' title='bbox 202 567 244 630; x_wconf 91' lang='lat' dir='ltr'><strong>de</strong></span> <span class='ocrx_word' id='word_1_19' title='bbox 264 570 389 653; x_wconf 85' lang='lat' dir='ltr'><strong>Nubia,</strong></span> <span class='ocrx_word' id='word_1_20' title='bbox 414 571 471 653; x_wconf 89' lang='lat' dir='ltr'><strong>qui</strong></span> <span class='ocrx_word' id='word_1_21' title='bbox 492 571 537 634; x_wconf 90' lang='lat' dir='ltr'><strong>ibi</strong></span> <span class='ocrx_word' id='word_1_22' title='bbox 565 571 675 634; x_wconf 80' lang='lat' dir='ltr'><strong>officia</strong></span> <span class='ocrx_word' id='word_1_23' title='bbox 695 589 757 634; x_wconf 87' lang='lat' dir='ltr'><strong>sua</strong></span> <span class='ocrx_word' id='word_1_24' title='bbox 777 571 957 654; x_wconf 79' lang='lat' dir='ltr'><strong>celebrant,</strong></span> <span class='ocrx_word' id='word_1_25' title='bbox 989 579 1023 633; x_wconf 88' lang='lat' dir='ltr'><strong>et</strong></span> <span class='ocrx_word' id='word_1_26' title='bbox 1049 569 1171 650; x_wconf 84' lang='lat' dir='ltr'><strong>dicunt,</strong></span> 
     </span>
     <span class='ocr_line' id='line_1_4' title="bbox 18 673 1172 760; baseline 0.004 -25"><span class='ocrx_word' id='word_1_27' title='bbox 18 673 50 735; x_wconf 75' lang='lat' dir='ltr'><strong>ul</strong></span> <span class='ocrx_word' id='word_1_28' title='bbox 85 691 169 738; x_wconf 82' lang='lat' dir='ltr'><strong>rex</strong></span> <span class='ocrx_word' id='word_1_29' title='bbox 189 674 365 752; x_wconf 70' lang='lat' dir='ltr'><strong>Molchia,</strong></span> <span class='ocrx_word' id='word_1_30' title='bbox 388 693 473 738; x_wconf 87' lang='lat' dir='ltr'><strong>uuus</strong></span> <span class='ocrx_word' id='word_1_31' title='bbox 497 676 538 738; x_wconf 88' lang='lat' dir='ltr'><strong>dc</strong></span> <span class='ocrx_word' id='word_1_32' title='bbox 558 675 660 737; x_wconf 86' lang='lat' dir='ltr'><strong>trihus</strong></span> <span class='ocrx_word' id='word_1_33' title='bbox 681 675 813 759; x_wconf 83' lang='lat' dir='ltr'><strong>lllagis,</strong></span> <span class='ocrx_word' id='word_1_34' title='bbox 835 676 1014 760; x_wconf 81' lang='lat' dir='ltr'><strong>dequibus</strong></span> <span class='ocrx_word' id='word_1_35' title='bbox 1033 675 1172 740; x_wconf 73' lang='lat' dir='ltr'><strong>hahetur</strong></span> 
     </span>
     <span class='ocr_line' id='line_1_5' title="bbox 18 777 1171 865; baseline 0.004 -27"><span class='ocrx_word' id='word_1_36' title='bbox 18 777 102 840; x_wconf 83' lang='lat' dir='ltr'><strong>tth.</strong></span> <span class='ocrx_word' id='word_1_37' title='bbox 137 779 185 863; x_wconf 70' lang='grc'><strong>2.,</strong></span> <span class='ocrx_word' id='word_1_38' title='bbox 206 787 277 842; x_wconf 90' lang='lat' dir='ltr'><strong>erat</strong></span> <span class='ocrx_word' id='word_1_39' title='bbox 298 798 357 842; x_wconf 87' lang='lat' dir='ltr'><strong>rex</strong></span> <span class='ocrx_word' id='word_1_40' title='bbox 378 780 519 865; x_wconf 88' lang='lat' dir='ltr'><strong>Nubiae,</strong></span> <span class='ocrx_word' id='word_1_41' title='bbox 544 782 612 863; x_wconf 82' lang='lat' dir='ltr'><strong>qui,</strong></span> <span class='ocrx_word' id='word_1_42' title='bbox 641 779 716 842; x_wconf 89' lang='lat' dir='ltr'><strong>dum</strong></span> <span class='ocrx_word' id='word_1_43' title='bbox 738 781 779 843; x_wconf 88' lang='lat' dir='ltr'><strong>de</strong></span> <span class='ocrx_word' id='word_1_44' title='bbox 800 779 910 844; x_wconf 85' lang='lat' dir='ltr'><strong>Nuhia</strong></span> <span class='ocrx_word' id='word_1_45' title='bbox 929 799 1032 864; x_wconf 84' lang='lat' dir='ltr'><strong>prope</strong></span> <span class='ocrx_word' id='word_1_46' title='bbox 1050 781 1171 843; x_wconf 82' lang='lat' dir='ltr'><strong>Hiero-</strong></span> 
     </span>
     <span class='ocr_line' id='line_1_6' title="bbox 18 883 1171 969; baseline 0.005 -27"><span class='ocrx_word' id='word_1_47' title='bbox 18 901 159 948; x_wconf 63' lang='lat' dir='ltr'><strong>,rmam</strong></span> <span class='ocrx_word' id='word_1_48' title='bbox 181 887 350 967; x_wconf 86' lang='lat' dir='ltr'><strong>venisset,</strong></span> <span class='ocrx_word' id='word_1_49' title='bbox 372 889 484 949; x_wconf 87' lang='lat' dir='ltr'><strong>urbam</strong></span> <span class='ocrx_word' id='word_1_50' title='bbox 506 883 635 968; x_wconf 80' lang='lat' dir='ltr'>ingredi</span> <span class='ocrx_word' id='word_1_51' title='bbox 655 904 721 948; x_wconf 90' lang='lat' dir='ltr'><strong>non</strong></span> <span class='ocrx_word' id='word_1_52' title='bbox 740 885 862 969; x_wconf 86' lang='lat' dir='ltr'><strong>voluit,</strong></span> <span class='ocrx_word' id='word_1_53' title='bbox 884 885 944 949; x_wconf 86' lang='lat' dir='ltr'><strong>scd</strong></span> <span class='ocrx_word' id='word_1_54' title='bbox 961 889 1057 968; x_wconf 75' lang='lat' dir='ltr'><strong>juxta</strong></span> <span class='ocrx_word' id='word_1_55' title='bbox 1076 903 1171 948; x_wconf 82' lang='lat' dir='ltr'><strong>mou-</strong></span> 
     </span>
     <span class='ocr_line' id='line_1_7' title="bbox 18 987 1171 1074; baseline 0.003 -23"><span class='ocrx_word' id='word_1_56' title='bbox 18 1043 21 1051; x_wconf 71' lang='lat'><em>,</em></span> <span class='ocrx_word' id='word_1_57' title='bbox 57 987 269 1054; x_wconf 81' lang='lat' dir='ltr'><strong>Calvariae</strong></span> <span class='ocrx_word' id='word_1_58' title='bbox 288 991 471 1074; x_wconf 81' lang='lat' dir='ltr'><strong>hospitatus</strong></span> <span class='ocrx_word' id='word_1_59' title='bbox 493 991 568 1074; x_wconf 85' lang='lat' dir='ltr'><strong>fuit,</strong></span> <span class='ocrx_word' id='word_1_60' title='bbox 590 989 663 1052; x_wconf 91' lang='lat' dir='ltr'><strong>ideo</strong></span> <span class='ocrx_word' id='word_1_61' title='bbox 683 991 727 1052; x_wconf 89' lang='lat' dir='ltr'><strong>sit</strong></span> <span class='ocrx_word' id='word_1_62' title='bbox 751 991 800 1052; x_wconf 89' lang='lat' dir='ltr'><strong>eis</strong></span> <span class='ocrx_word' id='word_1_63' title='bbox 828 989 883 1052; x_wconf 86' lang='lat' dir='ltr'><strong>hie</strong></span> <span class='ocrx_word' id='word_1_64' title='bbox 902 989 996 1054; x_wconf 72' lang='lat' dir='ltr'><strong>laem</strong></span> <span class='ocrx_word' id='word_1_65' title='bbox 1015 989 1111 1054; x_wconf 74' lang='lat' dir='ltr'><strong>dum</strong></span> <span class='ocrx_word' id='word_1_66' title='bbox 1128 991 1171 1054; x_wconf 76' lang='lat' dir='ltr'><strong>ah</strong></span> 
     </span>
     <span class='ocr_line' id='line_1_8' title="bbox 18 1094 1171 1180; baseline 0.004 -25"><span class='ocrx_word' id='word_1_67' title='bbox 18 1096 140 1178; x_wconf 89' lang='lat' dir='ltr'><strong>iquo.</strong></span> <span class='ocrx_word' id='word_1_68' title='bbox 208 1094 287 1159; x_wconf 88' lang='lat' dir='ltr'><strong>Ideo</strong></span> <span class='ocrx_word' id='word_1_69' title='bbox 325 1097 389 1160; x_wconf 89' lang='lat' dir='ltr'><strong>hac</strong></span> <span class='ocrx_word' id='word_1_70' title='bbox 420 1094 546 1180; x_wconf 86' lang='lat' dir='ltr'><strong>capella</strong></span> <span class='ocrx_word' id='word_1_71' title='bbox 583 1095 700 1158; x_wconf 87' lang='lat' dir='ltr'><strong>officiis</strong></span> <span class='ocrx_word' id='word_1_72' title='bbox 740 1097 962 1178; x_wconf 68' lang='lat' dir='ltr'><strong>processionis</strong></span> <span class='ocrx_word' id='word_1_73' title='bbox 998 1095 1100 1160; x_wconf 84' lang='lat' dir='ltr'><strong>linitis</strong></span> <span class='ocrx_word' id='word_1_74' title='bbox 1137 1103 1171 1160; x_wconf 85' lang='lat' dir='ltr'><strong>et</strong></span> 
     </span>
     <span class='ocr_line' id='line_1_9' title="bbox 18 1199 690 1286; baseline 0 -24"><span class='ocrx_word' id='word_1_75' title='bbox 18 1199 212 1282; x_wconf 83' lang='lat' dir='ltr'><strong>ulgentiis</strong></span> <span class='ocrx_word' id='word_1_76' title='bbox 233 1203 380 1286; x_wconf 88' lang='lat' dir='ltr'><strong>acceptis</strong></span> <span class='ocrx_word' id='word_1_77' title='bbox 402 1202 460 1284; x_wconf 46' lang='grc' dir='ltr'><strong>(ᾧ)</strong></span> <span class='ocrx_word' id='word_1_78' title='bbox 483 1201 690 1266; x_wconf 72' lang='lat' dir='ltr'><strong>recessimus.</strong></span> 
     </span>
    </p>
   </div>
   <div class='ocr_carea' id='block_1_2' title="bbox 18 1430 1111 1661">
    <p class='ocr_par' dir='ltr' id='par_1_2' title="bbox 18 1430 1111 1661">
     <span class='ocr_line' id='line_1_10' title="bbox 18 1430 1111 1537; baseline 0 -27"><span class='ocrx_word' id='word_1_79' title='bbox 18 1433 105 1511; x_wconf 75' lang='lat' dir='ltr'><strong>De</strong></span> <span class='ocrx_word' id='word_1_80' title='bbox 129 1433 220 1512; x_wconf 89' lang='lat' dir='ltr'><strong>loco</strong></span> <span class='ocrx_word' id='word_1_81' title='bbox 241 1431 328 1528; x_wconf 84' lang='lat' dir='ltr'><strong>illo,</strong></span> <span class='ocrx_word' id='word_1_82' title='bbox 351 1434 414 1511; x_wconf 92' lang='lat' dir='ltr'><strong>ubi</strong></span> <span class='ocrx_word' id='word_1_83' title='bbox 435 1458 571 1537; x_wconf 86' lang='lat' dir='ltr'><strong>corpus</strong></span> <span class='ocrx_word' id='word_1_84' title='bbox 595 1430 736 1514; x_wconf 82' lang='lat' dir='ltr'><strong>Christi</strong></span> <span class='ocrx_word' id='word_1_85' title='bbox 758 1435 948 1512; x_wconf 87' lang='lat' dir='ltr'><strong>inunctum</strong></span> <span class='ocrx_word' id='word_1_86' title='bbox 968 1433 1039 1514; x_wconf 83' lang='lat' dir='ltr'><strong>fuit</strong></span> <span class='ocrx_word' id='word_1_87' title='bbox 1069 1445 1111 1514; x_wconf 85' lang='lat' dir='ltr'><strong>et</strong></span> 
     </span>
     <span class='ocr_line' id='line_1_11' title="bbox 241 1555 943 1661; baseline -0.003 -29"><span class='ocrx_word' id='word_1_88' title='bbox 241 1556 451 1633; x_wconf 87' lang='lat' dir='ltr'><strong>linteamine</strong></span> <span class='ocrx_word' id='word_1_89' title='bbox 473 1556 536 1633; x_wconf 87' lang='lat' dir='ltr'><strong>vel</strong></span> <span class='ocrx_word' id='word_1_90' title='bbox 560 1556 714 1661; x_wconf 64' lang='lat' dir='ltr'><strong>dudone</strong></span> <span class='ocrx_word' id='word_1_91' title='bbox 735 1555 943 1632; x_wconf 84' lang='lat' dir='ltr'><strong>involutum.</strong></span> 
     </span>
    </p>
   </div>
   <div class='ocr_carea' id='block_1_3' title="bbox 18 1737 1174 4417">
    <p class='ocr_par' dir='ltr' id='par_1_3' title="bbox 18 1737 1174 4345">
     <span class='ocr_line' id='line_1_12' title="bbox 68 1737 1171 1824; baseline -0.005 -18"><span class='ocrx_word' id='word_1_92' title='bbox 68 1741 258 1806; x_wconf 73' lang='lat' dir='ltr'><strong>uxamae</strong></span> <span class='ocrx_word' id='word_1_93' title='bbox 281 1747 389 1802; x_wconf 84' lang='lat' dir='ltr'><strong>autam</strong></span> <span class='ocrx_word' id='word_1_94' title='bbox 409 1755 432 1800; x_wconf 77' lang='lat' dir='ltr'><strong>a</strong></span> <span class='ocrx_word' id='word_1_95' title='bbox 454 1739 581 1823; x_wconf 87' lang='lat' dir='ltr'><strong>capella</strong></span> <span class='ocrx_word' id='word_1_96' title='bbox 600 1739 658 1802; x_wconf 77' lang='lat' dir='ltr'><strong>illa</strong></span> <span class='ocrx_word' id='word_1_97' title='bbox 679 1737 721 1802; x_wconf 93' lang='lat' dir='ltr'><strong>de</strong></span> <span class='ocrx_word' id='word_1_98' title='bbox 740 1740 825 1824; x_wconf 83' lang='lat' dir='ltr'><strong>pede</strong></span> <span class='ocrx_word' id='word_1_99' title='bbox 855 1743 974 1806; x_wconf 85' lang='lat' dir='ltr'><strong>montis</strong></span> <span class='ocrx_word' id='word_1_100' title='bbox 996 1737 1171 1802; x_wconf 66' lang='lat' dir='ltr'><strong>curvaria</strong></span> 
     </span>
     <span class='ocr_line' id='line_1_13' title="bbox 18 1843 1171 1929; baseline -0.002 -19"><span class='ocrx_word' id='word_1_101' title='bbox 18 1843 282 1910; x_wconf 46' lang='lat' dir='ltr'><strong>*ocessimusad</strong></span> <span class='ocrx_word' id='word_1_102' title='bbox 303 1846 351 1908; x_wconf 84' lang='lat' dir='ltr'><strong>IX</strong></span> <span class='ocrx_word' id='word_1_103' title='bbox 368 1861 489 1928; x_wconf 86' lang='lat' dir='ltr'><strong>passus</strong></span> <span class='ocrx_word' id='word_1_104' title='bbox 510 1861 583 1908; x_wconf 89' lang='lat' dir='ltr'><strong>eum</strong></span> <span class='ocrx_word' id='word_1_105' title='bbox 605 1847 743 1928; x_wconf 82' lang='lat' dir='ltr'><strong>hymno:</strong></span> <span class='ocrx_word' id='word_1_106' title='bbox 770 1847 886 1929; x_wconf 79' lang='lat' dir='ltr'><strong>Pange</strong></span> <span class='ocrx_word' id='word_1_107' title='bbox 906 1847 1019 1928; x_wconf 74' lang='lat' dir='ltr'><strong>lingua</strong></span> <span class='ocrx_word' id='word_1_108' title='bbox 1037 1843 1171 1926; x_wconf 69' lang='lat' dir='ltr'><strong>gloriosi</strong></span> 
     </span>
     <span class='ocr_line' id='line_1_14' title="bbox 18 1947 1172 2034; baseline -0.003 -19"><span class='ocrx_word' id='word_1_109' title='bbox 18 1951 164 2015; x_wconf 85' lang='lat' dir='ltr'><strong>aelium</strong></span> <span class='ocrx_word' id='word_1_110' title='bbox 179 1951 375 2032; x_wconf 74' lang='lat' dir='ltr'><strong>certaminis,</strong></span> <span class='ocrx_word' id='word_1_111' title='bbox 387 1950 429 2014; x_wconf 94' lang='lat' dir='ltr'><strong>de</strong></span> <span class='ocrx_word' id='word_1_112' title='bbox 448 1952 601 2034; x_wconf 82' lang='lat' dir='ltr'><strong>passione</strong></span> <span class='ocrx_word' id='word_1_113' title='bbox 611 1948 748 2033; x_wconf 84' lang='lat' dir='ltr'><strong>Christi,</strong></span> <span class='ocrx_word' id='word_1_114' title='bbox 769 1959 802 2014; x_wconf 89' lang='lat' dir='ltr'><strong>et</strong></span> <span class='ocrx_word' id='word_1_115' title='bbox 821 1953 972 2015; x_wconf 85' lang='lat' dir='ltr'><strong>venimus</strong></span> <span class='ocrx_word' id='word_1_116' title='bbox 992 1947 1035 2010; x_wconf 75' lang='lat' dir='ltr'><strong>ad</strong></span> <span class='ocrx_word' id='word_1_117' title='bbox 1055 1949 1172 2030; x_wconf 75' lang='lat' dir='ltr'><strong>locun,</strong></span> 
     </span>
     <span class='ocr_line' id='line_1_15' title="bbox 18 2052 1174 2140; baseline -0.001 -24"><span class='ocrx_word' id='word_1_118' title='bbox 18 2109 20 2116; x_wconf 91' lang='lat'>.</span> <span class='ocrx_word' id='word_1_119' title='bbox 61 2075 138 2140; x_wconf 87' lang='lat' dir='ltr'><strong>quo</strong></span> <span class='ocrx_word' id='word_1_120' title='bbox 161 2057 194 2118; x_wconf 87' lang='lat' dir='ltr'><strong>iu</strong></span> <span class='ocrx_word' id='word_1_121' title='bbox 216 2056 376 2120; x_wconf 85' lang='lat' dir='ltr'><strong>ecclesiae</strong></span> <span class='ocrx_word' id='word_1_122' title='bbox 408 2056 594 2138; x_wconf 86' lang='lat' dir='ltr'><strong>pavimento</strong></span> <span class='ocrx_word' id='word_1_123' title='bbox 612 2055 702 2136; x_wconf 75' lang='lat' dir='ltr'><strong>iacet</strong></span> <span class='ocrx_word' id='word_1_124' title='bbox 729 2057 824 2138; x_wconf 83' lang='lat' dir='ltr'><strong>niger</strong></span> <span class='ocrx_word' id='word_1_125' title='bbox 850 2057 958 2138; x_wconf 77' lang='lat' dir='ltr'><strong>lapis,</strong></span> <span class='ocrx_word' id='word_1_126' title='bbox 980 2052 1174 2136; x_wconf 76' lang='lat' dir='ltr'><strong>thusdam</strong></span> 
     </span>
     <span class='ocr_line' id='line_1_16' title="bbox 18 2159 1171 2244; baseline -0.002 -18"><span class='ocrx_word' id='word_1_127' title='bbox 18 2163 106 2226; x_wconf 78' lang='lat' dir='ltr'><strong>heis</strong></span> <span class='ocrx_word' id='word_1_128' title='bbox 128 2160 269 2224; x_wconf 85' lang='lat' dir='ltr'><strong>maculis</strong></span> <span class='ocrx_word' id='word_1_129' title='bbox 291 2179 478 2244; x_wconf 87' lang='lat' dir='ltr'><strong>respersus,</strong></span> <span class='ocrx_word' id='word_1_130' title='bbox 503 2160 587 2222; x_wconf 85' lang='lat' dir='ltr'><strong>hene</strong></span> <span class='ocrx_word' id='word_1_131' title='bbox 611 2160 747 2243; x_wconf 88' lang='lat' dir='ltr'><strong>politus,</strong></span> <span class='ocrx_word' id='word_1_132' title='bbox 781 2162 838 2242; x_wconf 85' lang='lat' dir='ltr'><strong>qui</strong></span> <span class='ocrx_word' id='word_1_133' title='bbox 859 2159 975 2224; x_wconf 86' lang='lat' dir='ltr'><strong>dicitur</strong></span> <span class='ocrx_word' id='word_1_134' title='bbox 1001 2161 1045 2222; x_wconf 86' lang='lat' dir='ltr'><strong>ihi</strong></span> <span class='ocrx_word' id='word_1_135' title='bbox 1065 2160 1171 2224; x_wconf 77' lang='lat' dir='ltr'><strong>fuisse</strong></span> 
     </span>
     <span class='ocr_line' id='line_1_17' title="bbox 19 2246 1172 2350; baseline -0.001 -22"><span class='ocrx_word' id='word_1_136' title='bbox 19 2283 147 2348; x_wconf 87' lang='lat' dir='ltr'><strong>mpore</strong></span> <span class='ocrx_word' id='word_1_137' title='bbox 178 2266 342 2348; x_wconf 80' lang='lat' dir='ltr'><strong>passionis</strong></span> <span class='ocrx_word' id='word_1_138' title='bbox 384 2246 509 2329; x_wconf 78' lang='lat' dir='ltr'><strong>Christi</strong></span> <span class='ocrx_word' id='word_1_139' title='bbox 528 2263 623 2346; x_wconf 75' lang='lat' dir='ltr'><strong>juxta</strong></span> <span class='ocrx_word' id='word_1_140' title='bbox 645 2267 850 2346; x_wconf 77' lang='lat' dir='ltr'><strong>sepulchrum</strong></span> <span class='ocrx_word' id='word_1_141' title='bbox 881 2267 1008 2350; x_wconf 81' lang='lat' dir='ltr'><strong>Jaseph</strong></span> <span class='ocrx_word' id='word_1_142' title='bbox 1029 2265 1070 2328; x_wconf 79' lang='lat' dir='ltr'><strong>ab</strong></span> <span class='ocrx_word' id='word_1_143' title='bbox 1091 2266 1172 2327; x_wconf 78' lang='lat' dir='ltr'><strong>Ari-</strong></span> 
     </span>
     <span class='ocr_line' id='line_1_18' title="bbox 18 2369 1171 2454; baseline 0.002 -24"><span class='ocrx_word' id='word_1_144' title='bbox 18 2373 138 2434; x_wconf 63' lang='lat' dir='ltr'><strong>,athia</strong></span> <span class='ocrx_word' id='word_1_145' title='bbox 178 2371 264 2433; x_wconf 89' lang='lat' dir='ltr'><strong>Nam</strong></span> <span class='ocrx_word' id='word_1_146' title='bbox 285 2370 405 2433; x_wconf 75' lang='lat' dir='ltr'><strong>ludaei</strong></span> <span class='ocrx_word' id='word_1_147' title='bbox 425 2387 503 2434; x_wconf 89' lang='lat' dir='ltr'><strong>suos</strong></span> <span class='ocrx_word' id='word_1_148' title='bbox 534 2371 642 2433; x_wconf 81' lang='lat' dir='ltr'><strong>lavant</strong></span> <span class='ocrx_word' id='word_1_149' title='bbox 661 2381 820 2454; x_wconf 86' lang='lat' dir='ltr'><strong>mortuos,</strong></span> <span class='ocrx_word' id='word_1_150' title='bbox 847 2380 881 2434; x_wconf 88' lang='lat' dir='ltr'><strong>et</strong></span> <span class='ocrx_word' id='word_1_151' title='bbox 909 2390 1009 2454; x_wconf 87' lang='lat' dir='ltr'><strong>super</strong></span> <span class='ocrx_word' id='word_1_152' title='bbox 1028 2369 1171 2433; x_wconf 78' lang='lat' dir='ltr'><strong>tabulam</strong></span> 
     </span>
     <span class='ocr_line' id='line_1_19' title="bbox 18 2475 1170 2560; baseline 0 -22"><span class='ocrx_word' id='word_1_153' title='bbox 18 2493 147 2557; x_wconf 84' lang='lat' dir='ltr'><strong>gneam</strong></span> <span class='ocrx_word' id='word_1_154' title='bbox 174 2484 229 2538; x_wconf 85' lang='lat' dir='ltr'><strong>aut</strong></span> <span class='ocrx_word' id='word_1_155' title='bbox 250 2475 412 2560; x_wconf 83' lang='lat' dir='ltr'><strong>lapideam</strong></span> <span class='ocrx_word' id='word_1_156' title='bbox 433 2493 553 2559; x_wconf 90' lang='lat' dir='ltr'><strong>corpus</strong></span> <span class='ocrx_word' id='word_1_157' title='bbox 572 2484 716 2559; x_wconf 87' lang='lat' dir='ltr'><strong>ponunt,</strong></span> <span class='ocrx_word' id='word_1_158' title='bbox 747 2485 780 2538; x_wconf 86' lang='lat' dir='ltr'><strong>et</strong></span> <span class='ocrx_word' id='word_1_159' title='bbox 801 2475 910 2538; x_wconf 84' lang='lat' dir='ltr'><strong>officia</strong></span> <span class='ocrx_word' id='word_1_160' title='bbox 929 2482 1088 2538; x_wconf 77' lang='lat' dir='ltr'><strong>consueta</strong></span> <span class='ocrx_word' id='word_1_161' title='bbox 1108 2493 1170 2538; x_wconf 82' lang='lat' dir='ltr'><strong>ex-</strong></span> 
     </span>
     <span class='ocr_line' id='line_1_20' title="bbox 18 2580 1171 2666; baseline 0.001 -23"><span class='ocrx_word' id='word_1_162' title='bbox 18 2581 89 2644; x_wconf 89' lang='lat' dir='ltr'><strong>leut</strong></span> <span class='ocrx_word' id='word_1_163' title='bbox 111 2581 251 2644; x_wconf 84' lang='lat' dir='ltr'><strong>lavando</strong></span> <span class='ocrx_word' id='word_1_164' title='bbox 276 2589 311 2644; x_wconf 88' lang='lat' dir='ltr'><strong>ot</strong></span> <span class='ocrx_word' id='word_1_165' title='bbox 330 2580 493 2664; x_wconf 83' lang='lat' dir='ltr'><strong>ungendo.</strong></span> <span class='ocrx_word' id='word_1_166' title='bbox 535 2581 663 2666; x_wconf 85' lang='lat' dir='ltr'><strong>Joseph</strong></span> <span class='ocrx_word' id='word_1_167' title='bbox 684 2599 780 2666; x_wconf 80' lang='lat' dir='ltr'><strong>erga,</strong></span> <span class='ocrx_word' id='word_1_168' title='bbox 801 2583 858 2664; x_wconf 87' lang='lat' dir='ltr'><strong>qui</strong></span> <span class='ocrx_word' id='word_1_169' title='bbox 878 2581 1085 2664; x_wconf 82' lang='lat' dir='ltr'><strong>sepulchrum</strong></span> <span class='ocrx_word' id='word_1_170' title='bbox 1105 2582 1171 2646; x_wconf 87' lang='lat' dir='ltr'><strong>sihi</strong></span> 
     </span>
     <span class='ocr_line' id='line_1_21' title="bbox 18 2686 1173 2770; baseline 0.002 -20"><span class='ocrx_word' id='word_1_171' title='bbox 18 2687 174 2750; x_wconf 74' lang='lat' dir='ltr'><strong>sciderat</strong></span> <span class='ocrx_word' id='word_1_172' title='bbox 204 2686 246 2750; x_wconf 92' lang='lat' dir='ltr'><strong>de</strong></span> <span class='ocrx_word' id='word_1_173' title='bbox 274 2695 367 2770; x_wconf 80' lang='lat' dir='ltr'><strong>petra</strong></span> <span class='ocrx_word' id='word_1_174' title='bbox 397 2689 432 2750; x_wconf 91' lang='lat' dir='ltr'><strong>in</strong></span> <span class='ocrx_word' id='word_1_175' title='bbox 465 2707 506 2750; x_wconf 87' lang='lat' dir='ltr'><strong>eo</strong></span> <span class='ocrx_word' id='word_1_176' title='bbox 536 2687 626 2770; x_wconf 87' lang='lat' dir='ltr'><strong>loeo,</strong></span> <span class='ocrx_word' id='word_1_177' title='bbox 657 2690 757 2750; x_wconf 89' lang='lat' dir='ltr'><strong>etiam</strong></span> <span class='ocrx_word' id='word_1_178' title='bbox 788 2687 931 2750; x_wconf 82' lang='lat' dir='ltr'><strong>tabulam</strong></span> <span class='ocrx_word' id='word_1_179' title='bbox 960 2705 1173 2752; x_wconf 75' lang='lat' dir='ltr'><strong>marmoren</strong></span> 
     </span>
     <span class='ocr_line' id='line_1_22' title="bbox 20 2791 1171 2878; baseline 0 -24"><span class='ocrx_word' id='word_1_180' title='bbox 20 2792 140 2856; x_wconf 84' lang='lat' dir='ltr'><strong>alitam</strong></span> <span class='ocrx_word' id='word_1_181' title='bbox 172 2793 234 2856; x_wconf 87' lang='lat' dir='ltr'><strong>sibi</strong></span> <span class='ocrx_word' id='word_1_182' title='bbox 264 2793 335 2856; x_wconf 86' lang='lat' dir='ltr'><strong>ficri</strong></span> <span class='ocrx_word' id='word_1_183' title='bbox 371 2793 466 2878; x_wconf 81' lang='lat' dir='ltr'><strong>lecit,</strong></span> <span class='ocrx_word' id='word_1_184' title='bbox 501 2795 535 2856; x_wconf 90' lang='lat' dir='ltr'><strong>iu</strong></span> <span class='ocrx_word' id='word_1_185' title='bbox 571 2812 637 2878; x_wconf 87' lang='lat' dir='ltr'><strong>qua</strong></span> <span class='ocrx_word' id='word_1_186' title='bbox 667 2811 786 2876; x_wconf 85' lang='lat' dir='ltr'><strong>corpus</strong></span> <span class='ocrx_word' id='word_1_187' title='bbox 813 2807 908 2855; x_wconf 86' lang='lat' dir='ltr'><strong>suum</strong></span> <span class='ocrx_word' id='word_1_188' title='bbox 942 2791 1110 2856; x_wconf 75' lang='lat' dir='ltr'><strong>levaretur</strong></span> <span class='ocrx_word' id='word_1_189' title='bbox 1136 2800 1171 2854; x_wconf 89' lang='lat' dir='ltr'><strong>et</strong></span> 
     </span>
     <span class='ocr_line' id='line_1_23' title="bbox 18 2896 1171 2984; baseline 0.003 -27"><span class='ocrx_word' id='word_1_190' title='bbox 18 2904 194 2978; x_wconf 65' lang='lat' dir='ltr'><strong>ngeretur.</strong></span> <span class='ocrx_word' id='word_1_191' title='bbox 236 2896 303 2960; x_wconf 88' lang='lat' dir='ltr'><strong>Sed</strong></span> <span class='ocrx_word' id='word_1_192' title='bbox 324 2899 408 2961; x_wconf 89' lang='lat' dir='ltr'><strong>sicut</strong></span> <span class='ocrx_word' id='word_1_193' title='bbox 437 2917 532 2962; x_wconf 86' lang='lat' dir='ltr'><strong>suum</strong></span> <span class='ocrx_word' id='word_1_194' title='bbox 553 2899 761 2984; x_wconf 84' lang='lat' dir='ltr'><strong>sepulchrum</strong></span> <span class='ocrx_word' id='word_1_195' title='bbox 792 2896 925 2961; x_wconf 83' lang='lat' dir='ltr'><strong>Christo</strong></span> <span class='ocrx_word' id='word_1_196' title='bbox 955 2896 1103 2981; x_wconf 78' lang='lat' dir='ltr'><strong>tradidit,</strong></span> <span class='ocrx_word' id='word_1_197' title='bbox 1123 2900 1171 2961; x_wconf 76' lang='lat' dir='ltr'><strong>ita</strong></span> 
     </span>
     <span class='ocr_line' id='line_1_24' title="bbox 18 3001 1169 3088; baseline 0.005 -26"><span class='ocrx_word' id='word_1_198' title='bbox 18 3008 38 3086; x_wconf 77' lang='lat' dir='ltr'><strong>t</strong></span> <span class='ocrx_word' id='word_1_199' title='bbox 58 3001 201 3084; x_wconf 86' lang='lat' dir='ltr'><strong>lapidem</strong></span> <span class='ocrx_word' id='word_1_200' title='bbox 223 3002 355 3066; x_wconf 89' lang='lat' dir='ltr'><strong>loturae.</strong></span> <span class='ocrx_word' id='word_1_201' title='bbox 384 3005 464 3067; x_wconf 89' lang='lat' dir='ltr'><strong>cum</strong></span> <span class='ocrx_word' id='word_1_202' title='bbox 486 3022 565 3088; x_wconf 82' lang='lat' dir='ltr'><strong>ergo</strong></span> <span class='ocrx_word' id='word_1_203' title='bbox 585 3005 711 3087; x_wconf 88' lang='lat' dir='ltr'><strong>Joseph</strong></span> <span class='ocrx_word' id='word_1_204' title='bbox 731 3012 765 3065; x_wconf 88' lang='lat' dir='ltr'><strong>et</strong></span> <span class='ocrx_word' id='word_1_205' title='bbox 784 3003 986 3066; x_wconf 85' lang='lat' dir='ltr'><strong>Nicodemus</strong></span> <span class='ocrx_word' id='word_1_206' title='bbox 1006 3022 1080 3066; x_wconf 86' lang='lat' dir='ltr'><strong>cum</strong></span> <span class='ocrx_word' id='word_1_207' title='bbox 1097 3005 1169 3068; x_wconf 85' lang='lat' dir='ltr'><strong>suis</strong></span> 
     </span>
     <span class='ocr_line' id='line_1_25' title="bbox 18 3103 1170 3193; baseline 0.006 -27"><span class='ocrx_word' id='word_1_208' title='bbox 18 3103 204 3188; x_wconf 75' lang='lat' dir='ltr'><strong>rdjutoribus</strong></span> <span class='ocrx_word' id='word_1_209' title='bbox 230 3126 348 3193; x_wconf 91' lang='lat' dir='ltr'><strong>corpus</strong></span> <span class='ocrx_word' id='word_1_210' title='bbox 380 3107 502 3173; x_wconf 82' lang='lat' dir='ltr'><strong>Christi</strong></span> <span class='ocrx_word' id='word_1_211' title='bbox 534 3109 576 3172; x_wconf 92' lang='lat' dir='ltr'><strong>de</strong></span> <span class='ocrx_word' id='word_1_212' title='bbox 605 3125 703 3172; x_wconf 89' lang='lat' dir='ltr'><strong>cruce</strong></span> <span class='ocrx_word' id='word_1_213' title='bbox 727 3109 924 3192; x_wconf 86' lang='lat' dir='ltr'><strong>solvissent,</strong></span> <span class='ocrx_word' id='word_1_214' title='bbox 956 3115 1170 3192; x_wconf 71' lang='lat' dir='ltr'><strong>portaverunt</strong></span> 
     </span>
     <span class='ocr_line' id='line_1_26' title="bbox 18 3212 1169 3306; baseline 0.008 -33"><span class='ocrx_word' id='word_1_215' title='bbox 18 3227 110 3298; x_wconf 87' lang='lat' dir='ltr'><strong>psum</strong></span> <span class='ocrx_word' id='word_1_216' title='bbox 131 3212 218 3306; x_wconf 66' lang='lat' dir='ltr'><strong>huo„</strong></span> <span class='ocrx_word' id='word_1_217' title='bbox 230 3223 263 3278; x_wconf 89' lang='lat' dir='ltr'><strong>et</strong></span> <span class='ocrx_word' id='word_1_218' title='bbox 285 3214 406 3278; x_wconf 88' lang='lat' dir='ltr'><strong>nudum</strong></span> <span class='ocrx_word' id='word_1_219' title='bbox 427 3233 526 3299; x_wconf 87' lang='lat' dir='ltr'><strong>super</strong></span> <span class='ocrx_word' id='word_1_220' title='bbox 544 3216 632 3306; x_wconf 86' lang='lat' dir='ltr'><strong>huno</strong></span> <span class='ocrx_word' id='word_1_221' title='bbox 652 3214 790 3298; x_wconf 85' lang='lat' dir='ltr'><strong>lapidem</strong></span> <span class='ocrx_word' id='word_1_222' title='bbox 811 3223 960 3276; x_wconf 84' lang='lat' dir='ltr'><strong>sanctum</strong></span> <span class='ocrx_word' id='word_1_223' title='bbox 980 3224 1169 3298; x_wconf 65' lang='lat' dir='ltr'><strong>poscamus</strong></span> 
     </span>
     <span class='ocr_line' id='line_1_27' title="bbox 18 3315 1169 3402; baseline 0.002 -27"><span class='ocrx_word' id='word_1_224' title='bbox 18 3315 115 3398; x_wconf 87' lang='lat' dir='ltr'><strong>hique</strong></span> <span class='ocrx_word' id='word_1_225' title='bbox 143 3321 317 3402; x_wconf 80' lang='lat' dir='ltr'><strong>unguentis</strong></span> <span class='ocrx_word' id='word_1_226' title='bbox 349 3320 500 3386; x_wconf 79' lang='lat' dir='ltr'><strong>foventes</strong></span> <span class='ocrx_word' id='word_1_227' title='bbox 532 3321 671 3384; x_wconf 84' lang='lat' dir='ltr'><strong>vulnera</strong></span> <span class='ocrx_word' id='word_1_228' title='bbox 701 3319 877 3382; x_wconf 88' lang='lat' dir='ltr'><strong>linimeutis</strong></span> <span class='ocrx_word' id='word_1_229' title='bbox 898 3323 935 3378; x_wconf 89' lang='lat' dir='ltr'><strong>et</strong></span> <span class='ocrx_word' id='word_1_230' title='bbox 964 3318 1000 3378; x_wconf 85' lang='lat' dir='ltr'><strong>ia</strong></span> <span class='ocrx_word' id='word_1_231' title='bbox 1030 3316 1169 3382; x_wconf 73' lang='lat' dir='ltr'><strong>siudom</strong></span> 
     </span>
     <span class='ocr_line' id='line_1_28' title="bbox 18 3417 1172 3506; baseline 0.003 -24"><span class='ocrx_word' id='word_1_232' title='bbox 18 3420 126 3484; x_wconf 88' lang='lat' dir='ltr'><strong>munda</strong></span> <span class='ocrx_word' id='word_1_233' title='bbox 143 3423 367 3505; x_wconf 82' lang='lat' dir='ltr'><strong>involventes3</strong></span> <span class='ocrx_word' id='word_1_234' title='bbox 392 3423 465 3506; x_wconf 80' lang='lat' dir='ltr'><strong>(B)</strong></span> <span class='ocrx_word' id='word_1_235' title='bbox 493 3432 528 3484; x_wconf 92' lang='lat' dir='ltr'><strong>et</strong></span> <span class='ocrx_word' id='word_1_236' title='bbox 556 3425 591 3486; x_wconf 91' lang='lat' dir='ltr'><strong>iu</strong></span> <span class='ocrx_word' id='word_1_237' title='bbox 611 3425 675 3486; x_wconf 91' lang='lat' dir='ltr'><strong>hoc</strong></span> <span class='ocrx_word' id='word_1_238' title='bbox 698 3421 823 3483; x_wconf 81' lang='lat' dir='ltr'><strong>funeris</strong></span> <span class='ocrx_word' id='word_1_239' title='bbox 848 3420 959 3482; x_wconf 71' lang='lat' dir='ltr'><strong>offimo</strong></span> <span class='ocrx_word' id='word_1_240' title='bbox 984 3417 1077 3484; x_wconf 76' lang='lat' dir='ltr'><strong>offuit</strong></span> <span class='ocrx_word' id='word_1_241' title='bbox 1094 3421 1172 3506; x_wconf 79' lang='lat' dir='ltr'><strong>glo-</strong></span> 
     </span>
     <span class='ocr_line' id='line_1_29' title="bbox 18 3521 1172 3611; baseline 0.007 -27"><span class='ocrx_word' id='word_1_242' title='bbox 18 3523 182 3590; x_wconf 82' lang='lat' dir='ltr'><strong>riosissima</strong></span> <span class='ocrx_word' id='word_1_243' title='bbox 202 3536 236 3588; x_wconf 88' lang='lat' dir='ltr'><strong>et</strong></span> <span class='ocrx_word' id='word_1_244' title='bbox 256 3528 475 3590; x_wconf 84' lang='lat' dir='ltr'><strong>moestissima</strong></span> <span class='ocrx_word' id='word_1_245' title='bbox 494 3527 610 3608; x_wconf 74' lang='lat' dir='ltr'><strong>diaria,</strong></span> <span class='ocrx_word' id='word_1_246' title='bbox 633 3523 764 3606; x_wconf 76' lang='lat' dir='ltr'><strong>sedem,</strong></span> <span class='ocrx_word' id='word_1_247' title='bbox 789 3530 824 3585; x_wconf 88' lang='lat' dir='ltr'><strong>et</strong></span> <span class='ocrx_word' id='word_1_248' title='bbox 843 3525 877 3588; x_wconf 88' lang='lat' dir='ltr'><strong>iu</strong></span> <span class='ocrx_word' id='word_1_249' title='bbox 898 3521 972 3588; x_wconf 87' lang='lat' dir='ltr'><strong>siau</strong></span> <span class='ocrx_word' id='word_1_250' title='bbox 992 3544 1052 3589; x_wconf 86' lang='lat' dir='ltr'><strong>suo</strong></span> <span class='ocrx_word' id='word_1_251' title='bbox 1072 3537 1172 3611; x_wconf 73' lang='lat' dir='ltr'><strong>caput</strong></span> 
     </span>
     <span class='ocr_line' id='line_1_30' title="bbox 18 3625 1170 3715; baseline 0.006 -27"><span class='ocrx_word' id='word_1_252' title='bbox 18 3625 208 3692; x_wconf 86' lang='lat' dir='ltr'><strong>vulneratum</strong></span> <span class='ocrx_word' id='word_1_253' title='bbox 244 3627 303 3694; x_wconf 85' lang='lat' dir='ltr'><strong>filii</strong></span> <span class='ocrx_word' id='word_1_254' title='bbox 331 3631 472 3714; x_wconf 86' lang='lat' dir='ltr'><strong>hahens,</strong></span> <span class='ocrx_word' id='word_1_255' title='bbox 501 3634 673 3714; x_wconf 84' lang='lat' dir='ltr'><strong>ipsumque</strong></span> <span class='ocrx_word' id='word_1_256' title='bbox 703 3628 834 3692; x_wconf 82' lang='lat' dir='ltr'><strong>sudario</strong></span> <span class='ocrx_word' id='word_1_257' title='bbox 861 3629 1104 3715; x_wconf 74' lang='lat' dir='ltr'><strong>circumligans,</strong></span> <span class='ocrx_word' id='word_1_258' title='bbox 1134 3645 1170 3701; x_wconf 86' lang='lat' dir='ltr'><strong>et</strong></span> 
     </span>
     <span class='ocr_line' id='line_1_31' title="bbox 18 3731 1169 3818; baseline 0.008 -26"><span class='ocrx_word' id='word_1_259' title='bbox 18 3731 118 3794; x_wconf 88' lang='lat' dir='ltr'><strong>llaria</strong></span> <span class='ocrx_word' id='word_1_260' title='bbox 135 3733 328 3816; x_wconf 80' lang='lat' dir='ltr'><strong>Magdalena</strong></span> <span class='ocrx_word' id='word_1_261' title='bbox 348 3733 450 3817; x_wconf 87' lang='lat' dir='ltr'><strong>pedes</strong></span> <span class='ocrx_word' id='word_1_262' title='bbox 477 3752 606 3818; x_wconf 86' lang='lat' dir='ltr'><strong>sacros,</strong></span> <span class='ocrx_word' id='word_1_263' title='bbox 633 3750 716 3816; x_wconf 87' lang='lat' dir='ltr'><strong>quos</strong></span> <span class='ocrx_word' id='word_1_264' title='bbox 746 3734 842 3799; x_wconf 86' lang='lat' dir='ltr'><strong>etiam</strong></span> <span class='ocrx_word' id='word_1_265' title='bbox 872 3735 907 3797; x_wconf 87' lang='lat' dir='ltr'><strong>iu</strong></span> <span class='ocrx_word' id='word_1_266' title='bbox 934 3736 1003 3798; x_wconf 77' lang='lat' dir='ltr'><strong>vita</strong></span> <span class='ocrx_word' id='word_1_267' title='bbox 1022 3745 1169 3815; x_wconf 77' lang='lat' dir='ltr'><strong>meret,</strong></span> 
     </span>
     <span class='ocr_line' id='line_1_32' title="bbox 19 3834 1169 3928; baseline 0.009 -32"><span class='ocrx_word' id='word_1_268' title='bbox 19 3834 255 3920; x_wconf 83' lang='lat' dir='ltr'><strong>diligentissime</strong></span> <span class='ocrx_word' id='word_1_269' title='bbox 275 3840 434 3924; x_wconf 83' lang='lat' dir='ltr'><strong>ungebat,</strong></span> <span class='ocrx_word' id='word_1_270' title='bbox 456 3848 489 3902; x_wconf 89' lang='lat' dir='ltr'><strong>et</strong></span> <span class='ocrx_word' id='word_1_271' title='bbox 505 3838 602 3920; x_wconf 80' lang='lat' dir='ltr'><strong>juxa</strong></span> <span class='ocrx_word' id='word_1_272' title='bbox 622 3843 851 3904; x_wconf 82' lang='lat' dir='ltr'><strong>necessitatem</strong></span> <span class='ocrx_word' id='word_1_273' title='bbox 870 3841 977 3924; x_wconf 87' lang='lat' dir='ltr'><strong>ipsum</strong></span> <span class='ocrx_word' id='word_1_274' title='bbox 996 3845 1169 3928; x_wconf 80' lang='lat' dir='ltr'><strong>pretiosis-</strong></span> 
     </span>
     <span class='ocr_line' id='line_1_33' title="bbox 21 3941 1169 4030; baseline 0.01 -29"><span class='ocrx_word' id='word_1_275' title='bbox 21 3942 128 4006; x_wconf 83' lang='lat' dir='ltr'><strong>simum</strong></span> <span class='ocrx_word' id='word_1_276' title='bbox 147 3961 262 4026; x_wconf 87' lang='lat' dir='ltr'><strong>corpus</strong></span> <span class='ocrx_word' id='word_1_277' title='bbox 282 3945 316 4007; x_wconf 89' lang='lat' dir='ltr'><strong>in</strong></span> <span class='ocrx_word' id='word_1_278' title='bbox 336 3947 399 4010; x_wconf 89' lang='lat' dir='ltr'><strong>hoc</strong></span> <span class='ocrx_word' id='word_1_279' title='bbox 417 3941 524 4028; x_wconf 87' lang='lat' dir='ltr'><strong>lapide</strong></span> <span class='ocrx_word' id='word_1_280' title='bbox 546 3941 750 4008; x_wconf 69' lang='lat' dir='ltr'><strong>evolvebant.</strong></span> <span class='ocrx_word' id='word_1_281' title='bbox 793 3945 900 4030; x_wconf 81' lang='lat' dir='ltr'><strong>Super</strong></span> <span class='ocrx_word' id='word_1_282' title='bbox 919 3945 1006 4012; x_wconf 86' lang='lat' dir='ltr'><strong>huuc</strong></span> <span class='ocrx_word' id='word_1_283' title='bbox 1025 3947 1169 4012; x_wconf 68' lang='grc' dir='ltr'><strong>κυαίι-</strong></span> 
     </span>
     <span class='ocr_line' id='line_1_34' title="bbox 25 4044 1169 4136; baseline 0.008 -31"><span class='ocrx_word' id='word_1_284' title='bbox 25 4044 126 4110; x_wconf 85' lang='lat' dir='ltr'><strong>simum</strong></span> <span class='ocrx_word' id='word_1_285' title='bbox 151 4047 301 4135; x_wconf 86' lang='lat' dir='ltr'><strong>lapidem,</strong></span> <span class='ocrx_word' id='word_1_286' title='bbox 338 4069 396 4136; x_wconf 89' lang='lat' dir='ltr'><strong>pro</strong></span> <span class='ocrx_word' id='word_1_287' title='bbox 418 4049 526 4132; x_wconf 86' lang='lat' dir='ltr'><strong>dolor,</strong></span> <span class='ocrx_word' id='word_1_288' title='bbox 563 4048 785 4134; x_wconf 84' lang='lat' dir='ltr'><strong>imprudenter</strong></span> <span class='ocrx_word' id='word_1_289' title='bbox 809 4055 902 4134; x_wconf 85' lang='lat' dir='ltr'><strong>steti,</strong></span> <span class='ocrx_word' id='word_1_290' title='bbox 930 4059 966 4114; x_wconf 90' lang='lat' dir='ltr'><strong>ut</strong></span> <span class='ocrx_word' id='word_1_291' title='bbox 986 4067 1086 4134; x_wconf 75' lang='lat' dir='ltr'><strong>snpra</strong></span> <span class='ocrx_word' id='word_1_292' title='bbox 1110 4048 1169 4114; x_wconf 81' lang='lat' dir='ltr'><strong>iol.</strong></span> 
     </span>
     <span class='ocr_line' id='line_1_35' title="bbox 28 4147 1172 4239; baseline 0.002 -23"><span class='ocrx_word' id='word_1_293' title='bbox 28 4147 81 4211; x_wconf 71' lang='lat'><strong>109</strong></span> <span class='ocrx_word' id='word_1_294' title='bbox 98 4152 134 4216; x_wconf 72' lang='lat' dir='ltr'><strong>h</strong></span> <span class='ocrx_word' id='word_1_295' title='bbox 154 4153 190 4224; x_wconf 80' lang='lat' dir='ltr'><strong>li.</strong></span> <span class='ocrx_word' id='word_1_296' title='bbox 210 4157 323 4239; x_wconf 87' lang='lat' dir='ltr'><strong>patuit.</strong></span> <span class='ocrx_word' id='word_1_297' title='bbox 346 4157 443 4220; x_wconf 82' lang='lat' dir='ltr'><strong>Hauc</strong></span> <span class='ocrx_word' id='word_1_298' title='bbox 463 4151 604 4237; x_wconf 83' lang='lat' dir='ltr'><strong>lapidem</strong></span> <span class='ocrx_word' id='word_1_299' title='bbox 624 4169 697 4218; x_wconf 89' lang='lat' dir='ltr'><strong>cum</strong></span> <span class='ocrx_word' id='word_1_300' title='bbox 719 4159 931 4239; x_wconf 81' lang='lat' dir='ltr'><strong>processione</strong></span> <span class='ocrx_word' id='word_1_301' title='bbox 951 4147 1172 4220; x_wconf 84' lang='lat' dir='ltr'><strong>circumsteti-</strong></span> 
     </span>
     <span class='ocr_line' id='line_1_36' title="bbox 29 4256 1169 4345; baseline 0.009 -33"><span class='ocrx_word' id='word_1_302' title='bbox 29 4268 106 4337; x_wconf 84' lang='lat' dir='ltr'><strong>mus,</strong></span> <span class='ocrx_word' id='word_1_303' title='bbox 133 4267 162 4324; x_wconf 85' lang='lat' dir='ltr'><strong>a</strong></span> <span class='ocrx_word' id='word_1_304' title='bbox 189 4261 340 4328; x_wconf 76' lang='lat' dir='ltr'><strong>curtibus</strong></span> <span class='ocrx_word' id='word_1_305' title='bbox 369 4259 470 4326; x_wconf 79' lang='lat' dir='ltr'><strong>finitis</strong></span> <span class='ocrx_word' id='word_1_306' title='bbox 506 4273 593 4322; x_wconf 83' lang='lat' dir='ltr'><strong>unus</strong></span> <span class='ocrx_word' id='word_1_307' title='bbox 630 4267 706 4343; x_wconf 86' lang='lat' dir='ltr'><strong>post</strong></span> <span class='ocrx_word' id='word_1_308' title='bbox 736 4260 834 4325; x_wconf 83' lang='lat' dir='ltr'><strong>alium</strong></span> <span class='ocrx_word' id='word_1_309' title='bbox 864 4257 1029 4345; x_wconf 83' lang='lat' dir='ltr'><strong>provoluti</strong></span> <span class='ocrx_word' id='word_1_310' title='bbox 1062 4256 1169 4340; x_wconf 84' lang='lat' dir='ltr'><strong>ipsum</strong></span> 
     </span>
    </p>

    <p class='ocr_par' dir='ltr' id='par_1_4' title="bbox 925 4359 962 4417">
     <span class='ocr_line' id='line_1_37' title="bbox 925 4359 962 4417; baseline 0 0"><span class='ocrx_word' id='word_1_311' title='bbox 925 4359 962 4417; x_wconf 81' lang='lat'><strong>20</strong></span> 
     </span>
    </p>
   </div>
   <div class='ocr_carea' id='block_1_4' title="bbox 0 0 1308 4842">
    <p class='ocr_par' dir='ltr' id='par_1_5' title="bbox 0 0 1308 4842">
     <span class='ocr_line' id='line_1_38' title="bbox 0 0 1308 4842; baseline 0 0"><span class='ocrx_word' id='word_1_312' title='bbox 0 0 1308 4842; x_wconf 95' lang='lat' dir='ltr'><strong> </strong></span> 
     </span>
    </p>
   </div>
  </div>
 </body>
</html>
