2792 4778
643 193 707 259 tae

93 391 172 440 esse
190 372 297 439 solito.
334 373 527 458 Numquam
546 373 616 437 vidi
635 375 825 458 peregrinos
846 377 893 440 ita
910 376 1088 460 jocundos,
1120 377 1205 440 sirati
1224 377 1259 440 in

92 479 150 543 ills
169 480 233 542 via.
277 479 349 562 Bgo
364 497 433 543 sex
453 481 581 543 vicibus
612 481 700 541 viam
719 477 808 540 illato
840 484 992 563 trsrteivi,
1024 499 1155 566 semper
1185 498 1258 544 cum

92 583 249 668 singulari
270 581 391 666 gaudio
411 585 561 669 quotient.
605 582 705 648 Porro
735 585 821 646 inter
841 605 902 649 nos
923 597 956 650 et
976 586 1164 651 Bethlehem
1189 593 1260 648 eret

91 686 216 774 grande
246 688 452 751 intervallum
481 705 620 770 magnae
641 695 673 750 et
701 685 883 771 profundae
909 686 1022 771 vallis,
1054 707 1119 754 nen
1149 697 1260 753 nmen

92 793 156 874 its,
178 791 265 874 quoti
285 809 423 856 necesse
444 803 532 856 esset
554 810 617 855 nos
638 793 671 855 in
692 791 812 857 vallem
831 791 1049 876 descendere,
1081 793 1141 858 setl
1162 811 1260 878 opor·-

92 897 185 960 tebat
201 897 321 961 vallem
341 901 472 981 gyrare,
495 906 527 960 et
547 914 647 978 snper
665 899 843 979 marginem
863 897 960 960 vallis
981 899 1136 972 incedere
1155 916 1260 980 usqne

92 999 284 1064 Bethlehem
304 1020 364 1084 per
381 1002 493 1085 jugum
516 1001 704 1083 altitudinis,
726 1003 760 1064 iu
782 1003 876 1085 ouJ'ns
896 1005 1050 1066 cornuin
1075 1003 1141 1068 alto
1159 1004 1261 1066 bene-

93 1104 182 1168 ‹itcta
202 1105 321 1168 civitas
341 1107 405 1170 sita
424 1112 486 1169 est
508 1108 546 1168 ln
561 1108 633 1188 ipso
646 1122 725 1169 vcro
741 1105 838 1170 vallis
860 1105 965 1171 medio
981 1105 1121 1173 vidimus
1142 1107 1260 1188 locum,

93 1211 151 1272 nbi
181 1203 366 1293 pastoribus
399 1211 548 1274 nonnata
577 1210 683 1272 luerat
711 1211 866 1276 nativitas
893 1213 1085 1276 Salvatoris.
1138 1212 1261 1275 Biennt

0 1335 1 1352 ¹
94 1319 204 1376 antem
224 1313 382 1378 historiae
414 1315 509 1376 trium
532 1331 662 1396 regum,
685 1313 786 1398 qnod,
823 1319 954 1402 quando
975 1326 1042 1381 tres
1065 1316 1157 1400 Magi
1185 1333 1259 1379 eorm

0 1438 1 1461 i
92 1418 165 1479 suis
197 1419 393 1480 exercitibus
425 1418 479 1481 hin
510 1420 690 1481 transibant
728 1397 829 1501 super
861 1419 997 1506 vallem,
1037 1431 1073 1486 ut
1102 1421 1261 1484 intrarent

0 1564 1 1569 κ
94 1521 302 1604 Bethlehem,
323 1529 402 1584 tuno
418 1529 568 1604 pastores
591 1525 625 1586 in
646 1523 733 1585 valle
753 1526 949 1611 existentes,
970 1527 1121 1592 orientes
1142 1523 1264 1590 insoli-

94 1636 162 1690 tsn
184 1626 311 1690 steiicm
348 1637 381 1690 et
404 1629 578 1691 exercitum
598 1628 723 1690 iliorum
745 1643 938 1717 sequentes,
960 1643 1032 1696 eum
1056 1632 1262 1696 festinatione

0 1721 9 1783 Γ
97 1731 315 1795 escenderunt
336 1749 477 1814 sursum,
494 1742 530 1796 ut
549 1733 708 1817 viderent,
727 1737 782 1818 qui
801 1745 923 1822 essent,
937 1738 991 1801 vel
1004 1755 1068 1822 quo
1084 1737 1262 1801 tenuerent.

95 1837 236 1900 {iteum
268 1836 520 1920 intellexissent,
552 1837 640 1921 quod
662 1857 796 1921 puerum
817 1848 970 1904 recenter
988 1850 1099 1906 netum
1120 1857 1261 1925 quaere-

0 1970 1 1997 1
95 1950 190 2024 rent,
221 1943 411 2024 inceperant
437 1943 487 2004 eis
516 1944 652 2006 recitare
680 1945 800 2024 omnis,
833 1961 917 2028 quae
938 1945 986 2007 eis
1014 1945 1199 2008 acciderent
1229 1947 1264 2006 in

96 2054 196 2109 socie
216 2046 397 2110 nativitatis
417 2045 527 2128 pueri,
557 2056 590 2110 et
611 2064 676 2131 qno
705 2045 800 2110 modo
821 2047 955 2110 eoelesti
977 2050 1090 2113 nuntio
1114 2049 1263 2112 instructi

97 2149 293 2235 didicerant,
315 2169 450 2234 puerunt
470 2149 559 2214 illurn
581 2169 658 2216 esse
689 2151 917 2215 Betlemtorem
945 2153 1065 2216 mnndi.
1109 2154 1183 2217 Hoc
1204 2171 1264 2214 sn·

98 2255 227 2318 theutes
250 2257 340 2338 hisgi
359 2255 495 2338 amplius
517 2267 594 2322 snut
628 2259 736 2340 gavisi
762 2275 821 2341 pro
848 2275 903 2338 eo,
937 2257 1022 2341 quod
1050 2257 1132 2322 sitos
1163 2266 1266 2320 testes

101 2355 197 2445 querit
218 2360 344 2423 stellam
367 2361 581 2443 reperissent,
616 2372 649 2425 et
668 2363 850 2445 operientes
877 2363 995 2425 bursas
1025 2364 1167 2446 pretiose
1188 2379 1262 2424 mu-

4 2471 6 2482 '
100 2483 180 2530 nete
199 2467 450 2548 propinaverunt
470 2465 536 2528 illis
557 2467 752 2549 pauperihus
766 2467 948 2548 pastoribus
964 2486 1022 2550 pro
1040 2469 1124 2532 bono
1141 2468 1262 2530 nuntio.

0 2604 1 2623 t
99 2571 140 2634 Iit
161 2570 223 2634 hoe
254 2587 332 2654 ergo
361 2570 578 2634 consistentes
609 2570 681 2634 loco
712 2569 870 2633 mirabilia
899 2571 962 2634 Dei
989 2571 1208 2635 laudavimus¹
1232 2579 1266 2633 ei

0 2720 1 2729 κ
102 2674 404 2758 congratulabamur
437 2675 569 2756 regibus
598 2676 671 2738 istis
700 2675 836 2738 devotis.
890 2677 932 2738 iit
962 2679 1008 2740 ita
1035 2693 1108 2740 curn
1143 2675 1293 2744 laetitia.

103 2795 225 2860 mgna
240 2777 474 2861 processimus.

104 3011 166 3086 De
179 2963 451 3112 peregrinorum
465 3009 728 3112 vexationibus
744 3035 833 3110 ques
850 3011 950 3114 passi
965 3020 1061 3106 sunt,
1075 3009 1267 3110 antequam

98 3127 380 3231 'ingrederentur
404 3127 683 3232 inBeihlehem,
706 3131 751 3206 ab
772 3131 954 3222 Arabibns
980 3133 1041 3210 vel
1056 3129 1268 3214 Midiauitis.

187 3309 349 3376 Gaudium
370 3311 493 3374 nullum
513 3313 547 3374 in
566 3313 627 3376 ho'c
649 3312 766 3376 murrdo
787 3321 896 3394 potest
919 3329 1150 3393 comparum,
1173 3309 1269 3369 etiarn

105 3415 283 3500 spirituale,
299 3425 331 3478 ei
353 3416 382 3477 si
408 3413 557 3478 videatur
575 3434 651 3480 esse
664 3435 779 3502 purum
793 3425 825 3478 ei
845 3415 1071 3497 inpermixtum
1085 3411 1128 3476 etl
1148 3412 1270 3492 horam,

101 3522 216 3583 statim
245 3527 354 3581 tamen
383 3519 529 3584 redditus
556 3521 665 3604 aliqua
695 3511 922 3584 contrarietate
955 3518 1186 3582 obnubilatum.
1229 3514 1272 3576 Bt

8 3657 16 3686 ι
106 3622 223 3688 hocin
254 3623 319 3684 isio
351 3622 471 3686 itinere
491 3627 615 3709 experti
637 3645 759 3690 sumus.
802 3625 854 3688 De
874 3623 1057 3689 Jerusalem
1093 3623 1178 3685 enim
1199 3639 1271 3684 cuin

106 3727 234 3790 laetitia
265 3727 446 3808 exivimus,
475 3733 514 3791 et'
535 3734 658 3813 quanto
694 3731 883 3794 Bethlehem
909 3729 1154 3813 propinquiores
1184 3724 1299 3827 forcti,¹
1392 3737 1394 3746 ⁴

104 3840 199 3894 tento
226 3830 340 3912 majori
371 3829 491 3914 gaudio
523 3832 643 3896 fuimns
674 3833 799 3926 affecti,
835 3843 871 3898 ut
901 3836 1003 3917 patuit
1030 3852 1089 3917 per
1117 3829 1272 3916 praelata.

6 3952 12 3974 ¹
107 3936 179 3999 Deo
193 3940 308 3998 'sutem
331 3933 524 4017 disponente
537 3937 697 4020 gaudium
726 3943 872 4002 nostruin
894 3939 956 4004 tuit
982 3941 1064 4004 satis
1084 3935 1274 4001 terribiliter

105 4043 330 4133 ltttertepturn.
373 4039 417 4104 Ut
439 4043 524 4103 enim
555 4043 683 4106 civitati
713 4043 902 4108 benedictae
934 4041 1272 4129 appropinquavimus,

107 4161 205 4227 eece,
231 4145 393 4209 exercitus
415 4147 559 4212 Arabum
580 4155 693 4210 contre
713 4165 774 4210 nos
795 4151 897 4233 venit,
920 4149 1091 4233 egrediens
1112 4147 1152 4210 tle
1172 4143 1274 4206 Beth·-

8 4261 21 4288 ³
109 4245 231 4333 lehem,
258 4269 301 4314 ex
333 4237 469 4333 qnorum
501 4244 637 4336 aspecta
665 4241 863 4316 corimer'neti
893 4263 925 4316 et
955 4253 1114 4334 perterriti
1148 4251 1276 4314 luerunt

1007 4349 1070 4407 28*
1191 4349 1196 4354 '
