2914 4850
753 103 757 121 '
784 124 829 192 ιι

225 311 389 396 disputem
411 309 454 379 de
468 307 639 392 evangello
659 315 693 370 ot
713 289 889 390 prophetie,
911 303 1087 389 loquentur
1106 303 1148 376 de
1163 304 1295 390 mus
1334 305 1360 376 tl

225 419 360 502 logicis,
373 423 407 482 et
428 429 668 498 nonnunquam
692 412 727 479 in
754 407 946 495 quomam
977 410 1245 490 difficultatibus,
1290 429 1360 488 eae

224 524 416 606 scepturum
456 517 740 600 concernentibus,
774 515 888 580 doctos
926 524 960 580 et
999 517 1157 582 litteratos
1195 516 1360 592 vincunt

225 629 408 709 motmunt,
430 626 507 709 qoria
540 624 650 690 nullus
681 621 861 688 catholicoe
883 621 924 684 ab
949 622 1002 688 hie
1030 621 1116 688 looio
1136 622 1289 687 metis
1329 615 1360 688 rt

225 733 288 796 nini
308 731 425 797 nolim
445 731 637 800 instruetur.
679 726 763 794 Cum
785 744 865 810 ergo
884 725 1006 797 indocti
1023 726 1192 801 seculum
1214 725 1360 808 theolog

226 836 352 898 eunetis
388 833 473 897 loeis
503 833 658 916 redeunt,
693 831 816 897 nullom
855 829 986 916 dubium
1018 840 1086 915 eet,
1108 833 1186 914 quin
1226 831 1360 896 elerici

226 939 474 1026 aliquantulum·
489 937 592 1023 docti,
614 955 680 1000 uon
707 935 911 1012 mediocriter
937 935 1102 1004 insomni
1130 935 1313 1006 redibunt.
1359 985 1360 996 ,

225 1046 312 1110 hano
340 1063 419 1129 ergo
454 1058 630 1127 causam,
648 1049 682 1104 et
713 1040 824 1125 plures
860 1041 959 1125 alias,
987 1057 1071 1126 quae
1109 1041 1222 1104 lectae
1268 1049 1360 1102 sunt

226 1151 373 1234 praefate
398 1154 505 1212 terrae
540 1156 675 1212 sanctae
705 1145 998 1247 commendatione,
1029 1154 1064 1210 ot
1094 1144 1261 1228 quasdam
1318 1146 1360 1216 all

226 1272 308 1339 quas
330 1268 518 1316 enumerare
540 1269 677 1316 necesse
695 1269 759 1315 non
772 1258 833 1334 est,
843 1251 971 1314 firmavi
992 1250 1108 1312 faeiem
1119 1252 1241 1334 mea'm,
1261 1259 1306 1313 ut
1329 1253 1360 1312 irt

224 1359 258 1421 in
280 1357 475 1438 Jerusalem,
496 1359 581 1423 sieut
602 1354 645 1418 de
665 1354 802 1418 Domino
821 1354 904 1417 Jesu
926 1353 1041 1418 dicitnr
1061 1355 1143 1420 huo.
1165 1355 1251 1418 liv
1250 1355 1360 1425 5,1.

223 1471 383 1554 quantum
403 1459 569 1544 Religiono
591 1461 686 1542 lieet,
707 1467 859 1525 rotome
887 1458 928 1520 ad
956 1460 1019 1523 hoe
1048 1459 1243 1530 cononinxi.
1302 1457 1360 1523 Del

225 1574 333 1632 aetem
355 1572 465 1648 testor,
488 1563 575 1649 quod
596 1583 654 1646 pro
672 1561 729 1626 illo
753 1562 1013 1645 peregrinatione
1042 1563 1152 1626 multis
1182 1556 1289 1626 annis
1321 1576 1360 1626 tan

225 1669 385 1735 desiderio
407 1669 564 1750 aestuavi,
586 1677 622 1730 nt
643 1684 727 1751 pene
747 1669 828 1734 nihil
849 1667 935 1732 eliud
955 1667 1104 1750 vigilanti
1137 1677 1193 1730 eut
1206 1658 1360 1732 dormiet

225 1781 409 1837 occurreret
436 1768 672 1856 cogitandum.
703 1774 747 1837 ut
779 1781 953 1856 procerte
985 1789 1118 1854 possum
1148 1771 1285 1856 dicere,
1322 1795 1360 1858 qn

226 1879 311 1941 ultra
331 1877 419 1940 mille
440 1877 545 1941 noetis
568 1884 600 1940 et
621 1877 739 1962 qnietis
760 1879 858 1944 horas
897 1879 1062 1969 insomnes
1084 1867 1171 1989 (1ιι1,
1192 1878 1249 1942 his
1275 1882 1360 1972 cogit

227 1984 370 2046 tionibus
390 1983 556 2050 insietenm

311 2089 422 2172 Porro,
443 2107 546 2172 grave
566 2087 644 2152 mihi
663 2099 732 2156 erat
740 2097 851 2174 petere
860 2077 1024 2155 licentram
1036 2087 1085 2152 ad
1099 2088 1360 2185 taminoonsuetr

231 2199 264 2253 et
285 2191 414 2274 longam
437 2193 680 2280 evagationem,
710 2196 743 2258 'et
769 2195 941 2260 videbatur
967 2185 1046 2258 mihi
1067 2195 1169 2292 'quani
1195 2193 1360 2280 impossili

225 2297 405 2378 impetrare.
426 2297 602 2364 Sedotuli
617 2307 725 2364 tentas
746 2318 909 2382 expensas
932 2295 1195 2383 occiperem'nec
1217 2300 1360 2384 quidque

226 2404 386 2486 auspicari
415 2412 570 2487 poteram.
600 2406 792 2489 ,Inquietns
831 2394 940 2469 temen
993 2414 1102 2486 mam,
1147 2407 1180 2466 et
1220 2404 1360 2468 multorn

229 2509 377 2592 queeoivi
399 2512 546 2595 oonoilie,
566 2504 628 2574 sed
649 2508 834 2572 remanendi
855 2527 920 2571 non
941 2509 1054 2585 iuveni
1073 2506 1222 2572 remedia
1252 2509 1360 2570 'l'andet

229 2622 339 2678 eutem
359 2616 479 2679 oontnli
499 2633 552 2678 me
563 2615 604 2676 ad
625 2612 786 2676 lllustrem
797 2613 993 2696 Principem,
1014 2615 1163 2687 comitem
1172 2612 1360 2687 Eberhardn

232 2717 274 2781 de
301 2717 545 2799 Wmtemerg,
572 2717 754 2799 seniorem,
787 2718 843 2799 qui
871 2716 995 2798 pridem
1022 2719 1056 2781 in
1091 2718 1143 2782 his
1170 2717 1296 2803 sanctis
1318 2719 1360 2781 loct

230 2819 346 2901 fuerat3
368 2827 402 2882 et
420 2822 454 2882 irl
474 2819 826 2904 dominioooepulohro,
841 2819 928 2904 quod
948 2831 1000 2886 est
1020 2823 1053 2885 in
1074 2819 1260 2904 Ierusalem,
1279 2841 1360 2886 saort

229 2923 347 2997 mentio
380 2924 571 2990 militaribus
603 2924 800 2989 constrictus
837 2926 971 2989 militiae
1005 2925 1147 3008 insignia
1180 2925 1224 2988 ibi
1257 2927 1360 3010 accepi

232 3035 348 3110 petens
379 3027 457 3108 (lt)
466 3027 521 3111 A)
551 3045 632 3097 sate
657 3029 920 3112 Magnificentiee
962 3031 1118 3114 oonsilio,
1157 3028 1197 3093 de
1234 3039 1360 3114 concept

229 3131 490 3214 peregrinatione
510 3132 729 3218 perficienda3
751 3135 890 3219 pavidus
922 3135 1011 3201 emim
1032 3135 1102 3218 fui„
1131 3143 1165 3198 et
1193 3134 1280 3200 vitae
1300 3155 1360 3200 mot

231 3233 392 3320 timebam,
412 3253 502 3303 mare
522 3237 630 3320 etiem,
651 3239 737 3324 quod
755 3257 932 3323 numquam
952 3239 1043 3322 prius
1063 3239 1218 3320 videraut,
1239 3248 1271 3302 et
1291 3241 1360 3304 mult

230 3337 395 3403 audieram
428 3339 471 3404 de
502 3324 560 3425 ιο,Ι
592 3341 720 3425 el'mque
756 3344 843 3408 illiue
880 3343 1149 3428 peregrinationis
1179 3343 1360 3429 pericula,d

231 3439 347 3526 qulbus
376 3445 478 3519 multa
506 3454 583 3510 ante
610 3446 983 3530 legeram-horrebam.
1038 3448 1115 3510 Ideo
1145 3466 1202 3531 pro
1231 3453 1360 3529 consiliis

231 3545 305 3628 plne
329 3565 425 3630 quam
443 3567 581 3614 necesse
603 3550 673 3633 suit,
694 3551 759 3616 hnc
778 3550 1164 3635 illuoqnejdiocurrebem.
1204 3549 1360 3618 Generoon

230 3657 338 3717 autem
364 3649 504 3730 Comes,
541 3673 594 3716 me
621 3653 746 3738 andito,
775 3654 924 3720 familiari
955 3656 1057 3723 alietn
1078 3654 1251 3743 respondit:
1293 3659 1360 3738 'l'reo

229 3752 348 3836 inquit,
360 3764 436 3820 sunt
447 3758 687 3840 humeniaelns,
702 3775 785 3841 quoe
797 3760 906 3823 nullno
915 3760 1012 3825 debet
1029 3761 1185 3844 caedere,
1197 3767 1246 3824 ant
1255 3759 1360 3828 diseno·

230 3854 307 3922 deae
326 3861 432 3924 unico.
455 3856 548 3940 Unne
569 3867 620 3923 est
640 3863 829 3936 contrahere
857 3852 1111 3931 matrimonium
1134 3864 1224 3928 Alter
1235 3874 1281 3930 ert
1301 3869 1360 3930 inin

228 3959 359 4030 oenum.
392 3961 521 4026 'l'erliuo
539 3973 589 4026 est
614 3964 748 4028 visitare
774 3976 922 4033 eanotnm
949 3969 1165 4051 sepulchrum.
1186 3969 1236 4054 lli,
1253 3969 1360 4056 inqnan

228 4073 295 4129 tres
316 4073 408 4129 aolus
428 4075 505 4128 eunt
522 4060 650 4151 quidem
664 4067 749 4153 boni,
770 4071 830 4134 sed
850 4071 988 4138 faciliter
1003 4071 1261 4156 poeeuutmalum
1278 4075 1360 4138 finem

228 4169 345 4239 sortiri.
388 4167 482 4247 Quod
507 4169 581 4236 dum
605 4173 661 4255 lit,
681 4175 854 4240 consulens
875 4185 1037 4262 tamqnam
1058 4195 1136 4241 reus
1157 4177 1226 4242 mali
1244 4191 1360 4246 eventm
