2914 4850
231 463 389 549 othmari,
400 481 475 528 oum
498 457 638 543 quodam
658 455 829 520 sacerdote
851 455 892 518 de
905 456 1142 541 Memmingen
1169 458 1306 522 mnam

229 572 375 656 perveni.
434 569 478 631 Fe
509 566 679 648 ingressos
714 569 933 629 conventum
949 562 1162 628 charitative
1216 574 1252 628 et
1280 565 1331 626 laet

231 677 279 740 fui
305 681 493 756 susceptos.
526 678 560 732 et
582 671 628 732 ita
647 670 681 730 in
715 640 834 738 oellera
854 687 906 732 me
928 670 1038 751 reoepi
1064 669 1109 732 ad
1138 669 1288 732 labores
1306 663 1353 725 solit

230 780 295 842 Pro
323 786 413 844 nerto
450 784 558 838 autem
589 773 680 857 dieo,
722 772 810 856 quod
850 773 934 836 haee
965 775 1068 856 prima
1112 676 1365 858 peregrinatio*

231 883 382 966 oentuplo
404 882 535 965 gravior
555 889 589 942 et
602 879 766 942 molestior
787 878 866 942 milri
882 877 952 961 fuit,
969 897 1065 961 quam
1085 879 1266 944 secunda
1282 886 1312 939 et
1328 871 1365 936 nd

231 987 442 1074 periculosior
462 994 529 1048 tan
549 1004 611 1067 per
638 1002 727 1048 maro
748 1001 846 1065 quem
867 1001 925 1066 per
956 993 1103 1049 terram„
1134 985 1309 1048 Societas
1331 979 1366 1040 ota

230 1094 473 1178 peregrinorum
502 1091 626 1173 primae
651 1089 866 1172 Evagetibnis
900 1088 960 1151 fuit
987 1090 1197 1174 inquietior,
1239 1089 1366 1172 quiana

231 1201 316 1264 mter
347 1214 405 1260 ωε
432 1195 523 1258 muro
550 1176 824 1277 passionarii-omi
849 1193 1016 1277 nomam,
1050 1204 1084 1258 et
1106 1196 1182 1258 furt
1222 1189 1367 1258 ωιιιιιιι

231 1304 385 1386 litigium,
408 1310 440 1362 et
459 1300 559 1382 aliqui
580 1300 669 1387 iures
689 1298 848 1383 Bioodtdi
870 1299 969 1381 aliqui
990 1316 1123 1382 semper
1155 1298 1302 1378 infimi,
1327 1302 1367 1354 ott

232 1409 319 1474 omni
340 1415 435 1488 parte
463 1405 594 1488 gravior
625 1402 685 1468 fuit
707 1405 764 1469 illa
789 1406 894 1488 prin
918 1405 1095 1488 Evagetio,
1131 1424 1252 1488 quam
1282 1391 1368 1472 serui

231 1513 384 1596 quamvis
421 1512 496 1592 ipsa
526 1509 671 1572 seeundo
693 1510 909 1578 fueritnrulta
926 1510 1147 1592 ,laboriosiom
1190 1503 1368 1577 remotioni

232 1615 469 1700 dispendiosior
491 1632 531 1676 ao
552 1613 779 1696 periculosior:
802 1623 870 1678 tum
891 1615 1015 1696 majora
1058 1624 1091 1680 ot
1119 1617 1247 1699 magis
1269 1605 1369 1682 monitat

232 1722 377 1806 pericula
398 1727 553 1802 expertus
574 1738 648 1784 suna
668 1721 701 1782 in
718 1722 824 1803 prima
846 1730 942 1804 (ιιιιιι
961 1721 995 1784 in
1025 1720 1196 1791 seeundo..
1238 1719 1294 1782 Ex
1312 1711 1369 1796 quio

233 1829 383 1894 omnibus
394 1827 513 1909 liquet,
535 1825 620 1910 quod
643 1826 761 1891 falsum
780 1835 829 1888 est
849 1827 912 1890 hoo
924 1824 1062 1907 vulgare
1082 1807 1369 1908 proverbiumpt

149 1932 154 1941 '
232 1933 342 1996 dinero
380 1931 540 2013 inexperti
583 1929 673 1994 soliti
717 1938 834 2000 suit:-
867 1930 992 1994 soilieet
1030 1929 1119 2012 quod
1151 1923 1368 2014 peregrinatio

235 2037 387 2100 Venetiis
408 2053 469 2118 per
489 2053 578 2097 mera
607 2051 715 2117 unua
745 2035 786 2098 ad
818 2045 937 2100 terram
971 2045 1119 2109 sanctam
1164 2038 1219 2100 sit
1263 2023 1370 2117 quodi*

235 2141 426 2204 solatiosum
446 2139 696 2221 spatiamentum
723 2149 775 2204 est
794 2155 899 2223 penes
920 2151 976 2204 aut
996 2141 1086 2204 nulla
1099 2141 1270 2224 portenta
1293 2130 1368 2199 ΟΜ

236 2261 341 2327 meos,
363 2261 459 2328 quam
481 2261 585 2326 grave
607 2251 641 2306 ot
674 2245 852 2308 taediosum
879 2247 1148 2328 spatiamentum!
1186 2264 1292 2329 quam
1310 2232 1366 2301 muli

236 2349 376 2416 miseriis
396 2349 568 2412 iniectum!
590 2349 716 2413 Multos
740 2354 825 2414 enim
847 2349 1038 2416 robustos
1025 2369 1171 2433 juvenes
1200 2333 1369 2414 nobttsd

238 2473 300 2539 ego
326 2456 360 2523 iu
388 2455 452 2518 hoe
477 2454 692 2536 spsliamento
731 2457 958 2539 sueoumbere,
991 2458 1046 2539 qui
1078 2439 1366 2540 quodammodo&

237 2559 319 2642 ipsis
338 2559 531 2627 videbantur
552 2560 702 2624 fluetibus
725 2563 823 2630 meris
858 2561 1016 2642 imperare
1045 2569 1077 2624 et
1100 2563 1271 2625 montium
1306 2549 1369 2616 alfii*

239 2664 333 2728 dines
353 2666 388 2726 ln
410 2671 536 2732 statera
562 2662 762 2744 appendere.
803 2665 858 2749 qui
903 2664 1033 2729 tandem
1065 2665 1209 2728 miseriis
1258 2657 1367 2728 tractio

213 2761 215 2766 ’
238 2767 411 2834 infelioiter
431 2765 588 2830 humiliati
608 2768 834 2833 miserabiliter
855 2770 944 2852 justo
965 2769 1019 2833 dei
1036 2768 1160 2862 judicio
1183 2771 1320 2869 periere
1341 2757 1370 2820 Bi·

237 2870 330 2936 Deus
351 2869 436 2932 hano
455 2870 746 2951 peregrinationem
782 2879 1029 2961 spatiamentum
1060 2875 1141 2954 jove
1168 2857 1368 2940 neentiund

238 2973 485 3057 tristiasentire‚
506 2982 542 3036 ut
563 2974 689 3040 disoent
707 2997 780 3045 eam
795 2981 974 3064 peregrinis
989 2989 1094 3048 tetrae
1114 2989 1256 3045 sanotae
1282 2961 1370 3055 (Μ)

240 3078 382 3143 debltam
403 3083 660 3161 eompasssonem
688 3085 818 3152 habere.
866 3086 1177 3170 Attemptarp‘„enim
1199 3087 1290 3150 hano
1315 3087 1370 3162 pti*

239 3183 454 3268 grinationem
474 3183 631 3249 audaoiae
655 3198 688 3252 et
712 3188 908 3256 fortitudinis
939 3187 1060 3271 estin
1077 3191 1244 3273 plerisque
1265 3187 1372 3254 vitiatl

235 3291 452 3358 temeritatem
490 3299 524 3354 et
560 3293 719 3360 ouriosem
755 3295 998 3360 instabilitatem
1043 3311 1119 3358 esse
1160 3308 1256 3362 nemo
1280 3286 1371 3358 dubitat

239 3395 419 3460 Pervenire
436 3413 515 3473 pero
537 3393 578 3460 ad
600 3397 675 3462 looa
702 3408 818 3464 saneta
840 3409 873 3463 et
895 3400 1000 3466 redire
1027 3399 1140 3465 vivum
1170 3409 1204 3466 et
1234 3378 1372 3468 sanun!d

241 3502 369 3583 propria
388 3502 671 3586 epeeialmdonnm
692 3505 755 3569 Dei
776 3513 837 3570 est.
934 3550 940 3559 -

223 361 324 443 ¹veni,
352 365 388 422 ot
407 355 464 421 illo
492 352 545 418 dio
572 352 619 416 lbi
649 351 766 417 mansi.
811 349 926 417 Altera
953 350 1024 435 die,
1058 369 1163 436 quae
1204 351 1269 416 fnit
1294 314 1361 622 1ιῖ

234 3713 250 3869 ⁸·
265 3751 364 3828 ttirnt
388 3755 571 3856 divagatio
596 3754 710 3834 uu.
737 3759 781 3837 [ι’.
807 3759 921 3862 prime
946 3760 993 3836 ed
1019 3761 1172 3885 'demam
1197 3759 1359 3840 Sanctam
