2644 4786
686 136 750 200 tte

140 321 320 390 deoseulati
341 335 454 384 sumus
472 315 668 382 manantes
696 323 757 380 n‘os
783 318 819 378 in
850 315 981 400 ipsum,
1020 325 1059 377 et
1091 312 1285 399 mongum

137 429 303 516 plenariae
330 421 529 488 nmmum
557 422 741 506 eeeepimus
771 420 877 504 (ᾗ),
913 431 950 484 et
983 421 1091 484 simili
1124 421 1238 503 odore,
1267 437 1290 482 rt

137 533 259 598 dietum
282 537 354 612 est,
376 528 522 592 reereati
564 525 639 589 Nee
662 525 793 610 mirum,
829 544 903 590 eum
923 529 989 590 tlos
1022 527 1168 612 balsami
1193 526 1225 588 in
1247 527 1291 590 hot

135 653 295 722 praesepe
320 635 461 718 positum
493 631 551 694 sit.-
588 629 783 694 Beatissima
811 633 897 696 enirn
920 633 1030 714 Virgo
1046 633 1158 694 Maria
1179 651 1291 715 puernn

38 762 46 772 ·
135 743 255 827 pannis
276 737 414 803 involvit
444 745 479 799 et
497 735 532 798 itt
552 751 712 819 praesepe
731 737 852 819 posuit,
884 739 963 819 qnia
980 755 1052 798 non
1077 745 1148 800 erat
1170 738 1204 799 ei
1221 735 1293 798 laert

135 848 170 910 itt
191 843 382 925 diversorio,
408 841 443 902 in
463 856 528 923 que
548 847 700 923 pastores
721 836 838 922 angelo
860 840 1001 904 doeente
1022 859 1163 926 puerum
1195 843 1293 903 inrer-

137 959 240 1015 erunt
281 950 356 1011 fleo
376 961 536 1029 praesepe
555 953 622 1008 stat
642 947 703 1008 suh
722 954 815 1028 petra
838 945 981 1032 desuper
997 944 1178 1030 pendente,
1202 947 1234 1008 iu
1246 963 1292 1028 qn

137 1054 300 1140 peregrim
318 1053 445 1136 priores
466 1049 576 1113 dieum
605 1067 644 1113 se
663 1050 788 1113 vidisse
814 1049 938 1115 ferreos
960 1050 1111 1114 eireulos
1131 1059 1168 1112 et
1189 1047 1292 1126 claros

137 1159 180 1224 ad
200 1175 284 1244 quos
310 1155 495 1241 ligabantur
512 1153 656 1235 hestiae,
678 1161 711 1217 et
732 1153 865 1218 Christo
887 1156 932 1218 ihi
949 1153 1089 1237 jaeente
1118 1155 1247 1216 stabam
1260 1153 1293 1215 iti

138 1265 232 1349 ligati
251 1264 312 1327 bos
332 1269 366 1324 et
379 1260 502 1342 asinus,
524 1267 762 1341 eognoseentes
783 1267 816 1322 et
827 1256 999 1320 adorantes
1009 1257 1189 1322 Dominum
1205 1275 1292 1336 snum

138 1379 175 1434 nt
196 1367 314 1431 dieitur
332 1366 433 1428 Esaia
455 1365 482 1428 1.
527 1362 766 1427 Ostendebatur
792 1364 888 1426 etiam
910 1363 986 1426 olim
1009 1360 1098 1446 lapis
1118 1365 1182 1445 ihi,
1213 1381 1292 1448 quen

138 1473 244 1556 Virgo
265 1479 368 1533 mater
388 1469 556 1552 supposuit
578 1468 675 1551 oapiti
695 1469 831 1552 parvuli,
855 1471 931 1553 quia
951 1467 1108 1551 pulvinar
1128 1478 1188 1531 aut
1205 1467 1295 1530 simile

139 1591 205 1640 nou
222 1577 357 1656 habuit3
379 1573 439 1636 sed
460 1572 597 1656 lapidem
625 1573 721 1638 foeno
749 1575 839 1638 texit.
881 1573 975 1638 Unde
1008 1573 1152 1636 eoelesia
1182 1581 1295 1636 enatat:

138 1681 251 1745 lteeno
268 1677 382 1761 jaeere
401 1677 544 1760 pertulit,
564 1695 722 1761 praesepe
735 1697 801 1742 non
817 1677 981 1742 abhorruit
994 1685 1059 1740 ete
1104 1677 1188 1741 Erat
1202 1687 1294 1740 auten

138 1801 299 1871 praesepe
329 1783 460 1851 Domini
487 1799 644 1866 saxeum,
681 1801 723 1848 ex
758 1783 871 1846 eadem
904 1793 996 1867 petra
1021 1783 1195 1865 excisum,
1225 1801 1296 1864 quer

140 1883 414 1976 superpendebat,
434 1889 519 1951 sient
540 1887 637 1951 hodie
657 1897 734 1951 sunt
754 1891 924 1972 praesepia
944 1891 978 1951 in
999 1888 1065 1951 illis
1088 1889 1198 1951 terris.
1235 1887 1296 1949 Ner

142 1995 298 2078 intelligo,
318 1992 405 2078 quod
426 1989 543 2055 dieitur
562 1994 780 2075 communiter,
802 1991 888 2077 quod
908 1991 943 2055 S.
962 1993 1093 2054 Helena
1114 1993 1195 2056 tulit
1215 2011 1297 2075 prae·

141 2118 222 2182 sepe
242 2099 383 2181 ligneum
397 2093 439 2159 de
453 2097 535 2180 loeo,
557 2105 589 2158 et
602 2099 711 2180 posuit
723 2117 942 2182 marmoreum,
965 2105 998 2160 et
1018 2117 1135 2160 verum
1152 2115 1297 2180 praesepe

142 2203 308 2268 transtulit
329 2198 663 2284 Constantinopolim,
689 2210 722 2264 et
753 2202 830 2265 inde
856 2203 973 2267 dieitur
1003 2221 1082 2266 esse
1116 2202 1297 2266 translatum

142 2311 278 2374 llomam
315 2309 349 2371 in
376 2305 550 2368 eeelesiam
582 2305 829 2371 lateranensem.
887 2307 962 2371 Nisi
993 2307 1161 2372 vellemus
1193 2307 1297 2382 disere,

144 2413 230 2498 quod
239 2413 366 2496 loseph
387 2411 471 2474 forte
491 2410 533 2475 de
553 2411 653 2495 lignis
673 2415 838 2476 eontexuit
857 2429 1025 2495 praesepe,
1047 2414 1298 2496 etposuitsuper

143 2537 302 2603 praesepe
322 2533 466 2580 saxeum.
509 2515 554 2576 Et
574 2523 653 2579 tuno
673 2526 798 2598 oportet
816 2515 932 2599 tieem,
954 2517 1041 2600 quot
1051 2517 1186 2600 Joseph
1199 2519 1297 2581 heren

145 2633 178 2687 et
197 2625 324 2686 amunta
348 2639 460 2684 seeum
486 2619 521 2682 in
551 2618 655 2682 loeum
682 2619 773 2684 duait
799 2621 842 2684 de
860 2621 1045 2706 Nazareth,
1077 2623 1168 2684 siem
1203 2622 1298 2704 pluret

146 2727 267 2792 dierat.
308 2725 410 2788 Porro
450 2739 609 2806 praesepe
635 2723 738 2807 illud,
762 2725 849 2808 qnod
876 2726 973 2790 hodie
1006 2733 1060 2790 est
1079 2727 1116 2790 in
1138 2725 1233 2809 loeo,
1259 2733 1298 2787 est

147 2849 377 2913 marmoreum,
411 2827 533 2892 tabulis
560 2828 643 2892 alhis
665 2829 908 2912 expolitissimis
938 2832 1060 2896 laetum
1080 2833 1118 2896 in
1138 2831 1215 2896 loeo
1234 2849 1299 2894 vert

146 2935 314 3020 praesepis
325 2934 473 3015 Domini,
495 2940 530 2996 et
546 2933 656 2997 suhtili
684 2934 850 2998 schemate
870 2945 1032 3019 ornatum3
1055 2936 1144 3020 qnod
1166 2937 1298 3021 deplorat

146 3038 412 3120 chrysostomus,
434 3039 567 3101 dicens:
588 3037 617 3101 0
637 3039 666 3102 si
684 3040 760 3102 mihi
781 3040 891 3104 lieeret
911 3040 992 3104 illud
1010 3058 1173 3126 praesepe
1189 3043 1296 3120 videre,

147 3144 181 3207 in
203 3159 267 3226 quo
281 3139 439 3205 Dominus
455 3142 572 3226 Jaeuitt
591 3141 689 3206 Nune
710 3161 771 3205 nos
792 3141 971 3209 Christiani
995 3147 1088 3228 qnasi
1110 3165 1171 3230 pro
1190 3147 1296 3210 honore

147 3249 280 3313 telimas
308 3246 428 3331 latum,
459 3256 491 3310 et
520 3249 687 3330 posuimus
714 3258 891 3331 argentum.
931 3247 1001 3312 Sed
1032 3249 1112 3312 mihi
1136 3253 1295 3333 pretiosior

147 3353 227 3418 illud
247 3361 310 3436 est,
331 3351 418 3434 qnod
439 3345 581 3416 ablatum
603 3361 665 3418 est.
708 3353 793 3416 Nam
805 3362 972 3437 argentum
993 3363 1026 3417 et
1046 3371 1161 3418 aarum
1179 3359 1294 3420 miratur

148 3457 333 3540 gentilitas,
363 3456 540 3519 ehristiana
573 3455 659 3520 tides
686 3465 726 3523 ‚et
756 3457 886 3520 devehe
916 3459 1048 3522 miratur
1078 3458 1201 3522 luteum
1229 3459 1292 3522 etat

148 3579 315 3646 praesepe,
337 3561 413 3644 qnia
432 3560 537 3642 quiin
556 3560 611 3624 illo
626 3563 775 3645 praesepi
787 3569 885 3624 natus
902 3571 963 3644 est,
985 3580 1098 3626 aarum
1117 3563 1291 3628 condemnet

149 3672 183 3726 et
215 3674 392 3745 argentum.
433 3663 511 3726 Non
544 3662 723 3728 eundemne
755 3683 834 3748 eos,
866 3668 922 3748 qui
956 3666 1087 3731 honeris
1127 3665 1220 3747 (m
1251 3669 1291 3748 d)

150 3781 270 3829 oaussa
303 3767 470 3854 leserunt,
507 3787 614 3854 nequo
643 3769 740 3832 etiam
769 3769 845 3834 illos·
871 3769 1004 3854 damno,
1032 3771 1089 3854 qui
1125 3773 1161 3833 tn
1191 3773 1289 3856 tempto

149 3867 296 3934 feoernnt
316 3889 411 3954 ‚vasa
443 3889 563 3955 aurea,
589 3871 649 3934 sed
679 3872 817 3937 admiror
850 3875 952 3938 Deum
976 3882 1154 3939 ereatorem
1190 3877 1289 3958 mundi,

147 3969 205 4049 'qni
243 3987 309 4030 nen
345 3971 430 4030 inter
459 3981 574 4034 aunam
611 3983 644 4036 et
675 3983 867 4058 argentum,
897 3976 957 4039 sed
987 3979 1021 4040 ia
1060 3977 1130 4042 tnte
1158 3985 1287 4046 matur.

149 4067 242 4128 Haeo
261 4068 325 4128 ille.
369 4067 453 4129 Sunt
480 4073 564 4132 enim
594 4077 765 4155 praesepta
798 4078 885 4141 illins
909 4083 1019 4142 terrae
1047 4089 1104 4143 aut
1132 4099 1226 4147 saxea
1244 4093 1288 4147 tut

151 4163 248 4241 lutea,
270 4174 303 4226 et
320 4183 386 4226 uon
407 4165 448 4224 de
482 4172 646 4233 asseribus
683 4183 741 4237 ant
762 4181 887 4242 mua&
920 4181 1018 4246 taeta.
1059 4181 1166 4248 nater
1199 4197 1287 4251 auten
