2716 4798
475 267 478 275 .
604 213 665 278 ¹13

22 397 74 460 ic
104 395 185 460 sale
207 395 388 482 caudium,
411 404 613 480 putrescent
635 397 723 460 sieut
744 393 828 462 aliae
848 415 953 479 aquae
972 397 1161 482 paludeles,
1181 407 1214 462 et

23 503 176 586 quidam
200 501 313 568 faetidi
329 503 438 568 lacus:
460 510 591 586 prepter
608 520 705 586 quam
725 504 976 568 causam-etiam
995 503 1106 570 divisa
1123 505 1215 570 crdi-

23 609 177 671 raticne
198 612 351 674 continue
374 618 538 692 movetur,
559 615 595 670 ut
617 625 660 673 ut
681 622 742 670 suo
764 616 854 672 meist
872 627 953 674 suae
971 611 1174 676 substantiae
1193 621 1216 676 a*

23 715 260 797 rorntpticnis
291 715 371 779 viiic
402 722 632 797 conservetur,
661 713 739 797 quia
760 731 802 776 ex
836 714 1077 781 ecuthrnatibne
1107 723 1213 782 motus

23 818 228 900 subtiliatur
258 829 289 883 et
311 829 400 883 metu
427 838 448 881 a
466 820 670 902 corruptione
691 825 914 882 conservatur.
959 817 1130 904 Ordiuauit
1151 822 1213 886 hcc

25 923 127 988 dem
147 923 213 986 Dei
234 925 408 1009 sapientia,
429 933 464 987 ut
493 943 595 988 neves
618 921 748 988 facilius
780 931 1029 1007 transportaret,
1051 934 1085 988 et
1105 927 1213 994 minna

23 1029 223 1112 periculum
262 1031 545 1094 transfretantibus
586 1028 794 1097 incumberet.
857 1027 956 1109 Aqua
997 1031 1083 1092 enirn
1125 1029 1215 1094 salsa

23 1137 144 1200 multo
178 1137 310 1218 gravior
342 1145 377 1198 et
411 1137 547 1218 spissior
584 1132 686 1214 dulci,
726 1131 803 1214 quia
822 1129 928 1197 duda
959 1141 1012 1202 eat
1050 1133 1157 1199 eatan
1182 1143 1216 1198 et

23 1241 226 1307 subtiliare:
247 1241 321 1304 ideo
338 1239 433 1314 salsa
455 1239 557 1321 aptior
578 1246 629 1298 est
651 1235 693 1300 ad
714 1229 905 1321 portandum
928 1239 1070 1322 navigia.
1106 1237 1214 1323 Saepe

23 1348 131 1410 enim
154 1364 260 1409 naves
278 1347 313 1408 in
335 1346 431 1429 aquis
451 1343 598 1408 dulcibus
620 1349 825 1425 merguntur,
848 1359 934 1426 quae
955 1343 988 1404 iu
1011 1346 1092 1408 ruari
1111 1347 1215 1428 mergi

23 1471 109 1514 non
132 1458 288 1533 possent,
309 1447 393 1516 sicut
413 1457 501 1532 patet
523 1449 564 1512 ad
585 1449 733 1533 probam,
757 1447 832 1529 quia
854 1467 950 1510 evum
967 1450 1002 1510 iu
1025 1465 1109 1536 equa
1128 1445 1215 1514 dulei

23 1557 295 1639 submergitur,
309 1557 345 1620 in
364 1557 460 1620 »salsa
479 1573 558 1620 vere
579 1562 677 1618 natat.
714 1553 851 1636 insuper
870 1553 944 1636 ipsa
963 1556 1061 1620 maris
1081 1554 1213 1630 mhede

26 1661 191 1724 deservit
211 1659 380 1743 plurimum
401 1661 564 1726 bominum
587 1659 694 1724 saluti.
731 1657 769 1721 si
790 1659 875 1722 enim
897 1679 985 1726 mure
1007 1669 1213 1743 essetpota-

26 1766 127 1848 bile,
154 1765 302 1834 hemines
328 1775 552 1849 neupessent
583 1766 665 1831 heus
691 1762 786 1828 salve
806 1765 876 1832 vita
900 1767 1116 1849 pertransire,
1137 1767 1215 1850 quia

32 1879 178 1956 propter
215 1879 345 1944 aestum
380 1871 461 1936 selis
494 1879 572 1936 sunt
601 1871 796 1952 navigantes
832 1871 1043 1941 communiter
1078 1870 1215 1934 multum

32 1975 210 2057 sitibundi,
224 1983 258 2042 et
277 1987 407 2059 prepter
427 1975 555 2042 labores
577 1976 737 2056 marium
759 1982 795 2037 et
814 1975 844 2039 si
865 1974 1023 2042 haberant
1040 1973 1215 2046 eductum

33 2099 162 2162 aquam
184 2081 310 2145 dulcem
331 2081 373 2144 ad
394 2061 586 2162 putandum,
607 2095 646 2144 sc
667 2079 758 2159 ipses
779 2079 1008 2142 interimerent.
1041 2077 1118 2145 ldec
1136 2078 1215 2145 utile

39 2195 99 2248 est
128 2195 161 2250 et
181 2206 240 2268 pre
261 2186 332 2248 vita
351 2185 637 2266 transfretantium,
656 2182 740 2264 quod
762 2201 851 2246 mare
873 2184 997 2251 mum
1009 2192 1071 2248 est.
1092 2181 1216 2251 crus·

38 2293 134 2354 enim,
154 2299 205 2352 est
227 2309 312 2372 aqna
330 2289 428 2353 maris
448 2297 482 2353 et
503 2287 740 2369 abominabilis3
761 2287 835 2350 ideo
857 2289 985 2370 quande
1006 2289 1161 2372 hauritur,
1182 2297 1217 2352 et

37 2413 146 2478 supra
162 2401 273 2476 petras
295 2388 484 2474 eifturditur,¹
498 2392 607 2454 statim
629 2390 762 2455 exsulis
782 2400 871 2454 tactu
891 2393 924 2454 iu
940 2394 990 2455 sal
1007 2395 1214 2457 conuertitur.

40 2501 82 2564 A
101 2497 267 2562 salsedine
286 2495 345 2560 illa
366 2496 428 2558 sibi
448 2495 648 2560 connaturali
670 2497 801 2560 sortitur
817 2513 911 2558 suum
932 2504 1106 2578 numenei
1127 2515 1216 2561 mure

42 2612 178 2688 prepter
199 2601 444 2668 amaritudinem
463 2600 590 2666 untur.
630 2597 683 2664 lle
703 2601 767 2667 hcc
788 2601 870 2664 mari
891 2601 1008 2666 dicitrn
1035 2601 1149 2676 Amas,
1183 2601 1216 2692 b.⁴

43 2729 81 2771 v.
103 2709 132 2772 8.
174 2707 282 2783 Vocat
312 2707 406 2796 Deus
426 2723 530 2789 aquas
549 2706 649 2771 maris
670 2714 708 2773 et,
725 2704 861 2776 effundit
881 2723 940 2772 eus
961 2725 1061 2789 super
1079 2715 1215 2775 amram:

48 2811 156 2894 Super
177 2811 262 2895 qued
283 2813 481 2895 Jercuymus
497 2810 876 2894 [uom.c.,tol.111.13.]:
900 2810 1091 2880 'luncDeus
1113 2829 1217 2896 aquius

49 2919 148 2982 maris
170 2925 284 2999 vocat,
306 2917 381 3008 dum
403 2918 476 3000 ipsa
497 2915 718 2982 amarissimas
746 2917 898 2985 aetheree
919 2918 1027 2982 ealdre
1047 2916 1219 3008 suspendit

51 3029 86 3082 et
105 3019 229 3087 excolat
250 3029 283 3082 et
304 3023 425 3104 eliquat
445 3022 479 3084 in
498 3021 624 3086 dulcem
646 3022 827 3105 pluviarum
848 3041 1006 3108 saperem.
1037 3024 1096 3103 ‚De
1117 3023 1217 3091 mstis

53 3125 215 3192 salsedine
243 3125 381 3192 vidais
409 3124 506 3209 Spec.
535 3125 613 3196 Nat.
641 3125 710 3192 libr.
738 3127 797 3190 Vl.
830 3145 900 3212 cap.
922 3129 956 3198 c.
989 3129 1101 3192 Mans
1131 3143 1217 3210 aqna

56 3229 198 3294 diversas
228 3231 386 3308 contrabit
408 3229 597 3314 qualitates,
633 3230 719 3314 qued
739 3231 790 3295 sic
812 3234 981 3316 contingit.
1025 3229 1108 3304 Cum
1130 3231 1216 3294 enin

56 3345 141 3398 terra
163 3353 342 3400 cavernosa
371 3336 434 3418 sit,
453 3351 540 3418 aqua
558 3336 714 3399 labilitate
738 3353 800 3398 sua
820 3355 893 3398 eam
912 3336 1108 3414 subintrat,
1130 3349 1219 3413 quse

56 3458 113 3522 per
130 3441 330 3510 catherautns
351 3442 514 3502 transiens
536 3440 659 3505 celatur
680 3448 714 3501 et
734 3447 926 3503 extenuatur
947 3446 980 3500 et
1001 3451 1049 3500 ex·
1063 3435 1217 3526 qualitate

59 3553 158 3608 terrae
196 3543 346 3608 diversas
383 3542 544 3610 contrahit
580 3543 761 3624 qualitates,
818 3542 855 3607 Si
888 3543 980 3608 erum.
1005 3557 1063 3626 per
1100 3551 1217 3609 terram

61 3666 224 3712 arenosam
243 3657 276 3710 et
296 3646 476 3729 lapidosam
491 3649 618 3728 transit,
634 3644 761 3708 dulcem
781 3645 857 3709 iude
876 3662 1026 3730 saperem
1048 3647 1217 3732 contrahit,

61 3761 92 3816 et
114 3749 196 3813 clara
216 3768 256 3814 ac
277 3750 357 3812 dura
382 3759 414 3812 et
436 3747 553 3832 frigida
574 3751 693 3820 existit.
722 3749 990 3836 Sipuntem,
1012 3751 1144 3819 salsum.
1179 3751 1224 3839 Si⁴

63 3876 118 3940 per
134 3855 276 3922 bmosam
297 3864 426 3939 terram,
447 3853 567 3938 vapida
587 3866 638 3920 est
659 3873 751 3940 aqua.
775 3855 811 3920 Si
829 3875 887 3940 per
906 3857 1029 3942 lapides
1050 3857 1217 3942 sulphuris

67 3970 96 4025 et
118 3959 212 4024 calcis
232 3969 288 4026 sut
309 3945 394 4031 aeria
415 3961 450 4026 it
472 3979 598 4047 amara,
617 3963 646 4024 si
667 3981 726 4045 per
752 3963 869 4027 foveas
888 3963 1027 4029 alumine
1048 3963 1163 4046 plenu
1184 3971 1218 4024 et

68 4065 207 4148 sulphure
227 4070 392 4152 percurrit,
411 4068 573 4132 ferverem
595 4077 627 4134 et
643 4068 797 4132 lectorem
820 4068 895 4132 inde
912 4069 1082 4132 contrahit.
1103 4069 1218 4147 ltaque

70 4168 195 4253 (ΜΔ)
222 4170 318 4254 juxta
351 4171 483 4236 diversa
514 4173 693 4236 accidentia
731 4182 853 4256 terrae,
873 4172 1054 4260 ,niveum
1082 4168 1219 4246 suscipit

73 4274 253 4357 qualitatem.
296 4277 390 4342 Sicut
410 4298 470 4359 pre
493 4277 649 4360 qualitate
679 4286 848 4340 venturum
880 4277 1025 4425 immutant
1047 4269 1217 4333 colerem.
