2716 4798
668 141 729 210 tte
848 224 853 249 ζ

120 335 219 403 maris
248 332 403 414 navibus,
435 347 499 392 non
527 328 568 390 de
599 327 794 411 majoribus,
822 345 883 392 nee
904 325 945 389 de
966 325 1157 390 minoribus.
1219 327 1321 387 Haec

119 439 215 505 navis
236 437 335 502 latine
347 434 472 514 ¹dicitur
491 434 622 498 biremis
643 443 698 498 aut
713 435 861 498 triremis.
884 433 1028 498 Isidorus
1037 443 1155 495 'tamen
1173 431 1319 496 decimo

119 562 204 609 nouo
225 540 521 626 Elymologicorum
542 543 685 604 nominat
705 561 777 604 eam
800 541 951 607 alermum.
993 537 1166 622 vulgares
1197 547 1319 602 eutem

120 658 185 714 tam
217 648 320 736 Italici
351 665 448 730 quam
487 645 676 708 'Iheutonici
707 656 827 710 vocant
861 665 933 710 eam
968 645 1105 730 galeam.
1156 647 1216 710 Et
1252 649 1317 711 hor

120 771 239 818 nomeu
261 754 309 821 illi
324 753 458 835 nampio
482 749 624 833 advenit,
646 752 723 836 quia
742 770 838 836 prora
857 752 964 826 cassis
991 761 1047 814 aut
1076 751 1210 835 galeae
1243 755 1317 817 for-

122 879 207 924 mam
228 859 336 942 habet,
357 859 523 940 eregIone
544 856 701 941 inspecta,
713 865 745 920 et
759 858 852 942 quasi
873 857 968 920 homo
988 867 1132 922 armatus
1146 859 1314 942 procedit

118 974 233 1031 cornua
255 967 383 1030 linctus.
421 965 479 1028 list
501 970 610 1031 autem
628 962 725 1046 galia
747 965 843 1026 uaris
865 957 1013 1046 oblonga,
1036 981 1121 1044 quae
1144 965 1260 1028 remis
1281 973 1314 1027 et

119 1071 204 1134 velis
217 1071 388 1154 inpellitur.
432 1068 563 1135 Similes
595 1069 650 1131 vel
671 1069 824 1152 aequales
853 1075 930 1131 suut
962 1085 1076 1132 omnes
1102 1069 1239 1152 galeae
1277 1072 1310 1133 in

120 1178 239 1260 forma,
278 1174 453 1241 disaimsses
490 1175 524 1236 in
556 1173 784 1256 magnitudine,
813 1173 890 1256 quia
916 1172 1043 1256 aliquae
1073 1173 1202 1256 galeae
1229 1185 1308 1238 sunt

119 1283 270 1366 grandes,
291 1300 375 1369 quae
396 1281 545 1344 &cuntur
566 1280 725 1362 triremes,
748 1279 876 1362 aliquae
903 1287 978 1341 sunt
999 1298 1122 1362 parvae
1151 1290 1190 1342 et
1228 1291 1307 1344 sunt

118 1388 277 1451 biremes:
305 1398 336 1452 et
363 1385 470 1450 adhuc
499 1393 551 1450 eat
575 1381 776 1467 differentia,
807 1387 882 1468 quit
913 1384 1041 1468 aliquae
1070 1393 1150 1450 sunt
1178 1387 1305 1470 galeae

118 1492 290 1576 praedulce
317 1502 353 1555 et
379 1492 507 1578 aliquae
534 1491 716 1554 meraritae:
749 1491 782 1551 in
803 1491 905 1572 prima
936 1507 1010 1553 mea
1028 1493 1302 1574 peregrlnatione

119 1598 327 1664 transfretavi
345 1601 379 1660 in
400 1598 530 1678 biremi3
551 1595 585 1656 in
606 1593 752 1658 secunda
772 1595 904 1656 veroin
926 1595 1054 1659 triremi.
1098 1595 1161 1658 Est
1186 1607 1299 1662 autem

119 1702 259 1787 biremis,
282 1721 365 1786 qnae
389 1702 474 1767 binis
495 1709 528 1762 et
550 1701 634 1764 binis
658 1702 755 1763 remis
775 1701 927 1782 trahitur3
946 1699 1009 1761 sed
1029 1702 1182 1784 triremis,
1214 1721 1299 1785 quae

119 1809 212 1871 trinis
234 1819 268 1872 et
288 1809 379 1872 trinis
391 1806 563 1890 impellitur
585 1808 702 1868 remis:
725 1809 801 1889 qula
819 1807 854 1868 in
869 1805 1013 1891 quolibet
1034 1823 1171 1869 suamne
1195 1808 1297 1870 habet

117 1917 187 1976 tres
209 1931 314 1978 remos
335 1924 371 1976 et
390 1911 522 1977 totidem
543 1913 694 1994 remiges.
738 1908 843 1974 Galea
863 1919 981 1994 autem,
1001 1913 1035 1972 in
1060 1926 1126 1994 qua
1147 1913 1297 1974 secunda

118 2021 193 2088 vico
204 2020 423 2099 transfretavi,
444 2017 556 2080 habuit
575 2025 716 2080 transtra
726 2017 781 2080 vel
801 2017 1017 2080 scamnaIrX.
1040 2025 1072 2079 et
1091 2018 1124 2079 in
1142 2017 1295 2100 quolibet

118 2134 186 2188 tres
209 2125 347 2206 remiges
366 2141 441 2186 cnm
462 2123 579 2184 remIs:
602 2131 635 2184 ct
655 2123 685 2184 si
707 2131 756 2186 est
787 2121 882 2205 galea
903 2119 1076 2205 praedalis'
1091 2124 1191 2188 habet
1223 2141 1294 2187 cum

117 2228 293 2312 remigibus
315 2229 348 2296 in
369 2228 483 2296 ¹eodem
497 2235 637 2302 transtro
648 2245 747 2290 unum
768 2228 970 2309 sagittarium
984 2245 1057 2292 cum
1078 2247 1167 2292 arou.
1189 2227 1293 2293 Porro

118 2334 284 2418 longitudo
306 2333 379 2416 ejus
407 2344 478 2398 erat
496 2331 642 2396 XXXIII
680 2333 878 2416 cubitorum,
914 2331 1103 2416 accipiendo
1132 2337 1291 2418 cubitum,

118 2450 272 2524 quantum
293 2441 505 2524 humopotest
517 2439 662 2505 extends·
676 2439 830 2501 ambobus
852 2436 992 2504 brachiis
1004 2440 1288 2523 comprehendere,

118 2555 151 2610 et
164 2547 320 2628 accipitur
334 2545 390 2609 illa
400 2541 566 2628 longitudo
585 2543 829 2624 mensurandae
842 2562 1055 2628 prorsusque
1076 2545 1117 2608 ad
1139 2549 1288 2630 puppim3

117 2650 252 2715 latitudo
273 2671 351 2714 vero
383 2659 453 2714 erat
479 2649 544 2712 VII
568 2646 778 2733 cubitorum,
800 2641 1016 2732 mensurando
1038 2652 1071 2713 ln
1092 2650 1196 2716 medie
1219 2651 1289 2734 ejus

115 2756 210 2840 juxta
236 2755 354 2818 malum
382 2773 441 2836 per
458 2763 690 2816 transversum.
732 2753 770 2815 Si
792 2762 898 2817 autom
916 2755 1196 2837 vellemnstotam
1218 2758 1287 2819 eius

117 2859 318 2922 latitudinem
354 2877 561 2940 mensurare,
590 2877 685 2944 quam
712 2859 809 2925 habet
844 2874 919 2937 cum
949 2851 1047 2936 remis
1083 2862 1122 2923 as
1155 2871 1286 2944 utreque

118 2974 209 3048 parte
232 2963 396 3045 extensis,
424 2965 474 3028 sic
494 2963 575 3028 XIII
596 2965 722 3026 cubitos
742 2965 840 3028 habet
861 2967 894 3028 in
916 2965 1023 3028 latum.
1062 2964 1101 3030 ln
1121 2965 1282 3028 altitudine

117 3089 207 3152 vero,
229 3064 444 3132 mensurando
474 3087 495 3132 a
525 3071 653 3132 sentina
686 3087 791 3152 usque
823 3069 863 3132 ad
898 3050 1039 3152 kebam,
1081 3089 1164 3155 quae
1183 3075 1281 3134 estin

115 3175 300 3239 summitate
320 3173 397 3241 mali
417 3183 449 3238 et
470 3175 503 3237 in
525 3177 678 3258 carcaria,
697 3174 957 3258 habuitamplius
978 3196 1075 3261 quam
1091 3161 1199 3238 XVIII
1208 3175 1278 3258 (n)

117 3281 252 3353 cubitos.
279 3277 364 3345 Sunt
377 3287 482 3350 autem
496 3299 607 3343 omnes
627 3279 751 3364 galeae,
774 3299 869 3364 qnam
893 3284 1038 3366 aequalis
1059 3280 1278 3366 magnitudinis

115 3394 202 3470 sunt,
223 3387 270 3453 ita
290 3385 475 3449 consimiles
497 3385 531 3447 in
555 3386 713 3468 omnihus,
735 3385 821 3468 quod
841 3386 935 3451 homo
957 3390 1119 3454 transiens
1149 3386 1186 3450 de
1208 3405 1275 3476 sue,

115 3489 210 3572 galea
230 3492 264 3554 ln
286 3491 380 3556 aliam
400 3493 459 3554 vix
480 3491 679 3576 perpendere
692 3493 807 3573 possit,
829 3510 955 3557 seease
974 3495 1008 3556 in
1020 3494 1094 3576 elia,
1116 3493 1176 3556 nisi
1195 3491 1273 3576 quod

117 3593 198 3658 allas
218 3593 387 3659 Olliclales
408 3597 441 3660 ln
463 3615 529 3660 una
548 3598 682 3680 invenlt,
704 3615 802 3680 quam
824 3599 858 3662 in
879 3599 960 3684 alia3
980 3607 1014 3664 ot
1034 3601 1120 3662 sicut
1138 3595 1272 3662 hinmdi·

115 3715 192 3762 num
214 3699 280 3762 nidi
299 3701 452 3783 aequales
474 3711 569 3784 sunt,
599 3706 650 3766 sic
680 3703 796 3787 galeae
816 3707 1018 3770 venetianus.
1072 3703 1116 3766 Et
1147 3712 1213 3767 sunt
1232 3703 1269 3768 de

115 3801 213 3884 lignis
242 3803 447 3871 solidissimls
481 3807 673 3890 lauriculae,
703 3808 823 3892 clavis,
860 3811 986 3876 eatenis
1016 3819 1048 3873 et
1083 3807 1268 3873 ferramentis

114 3906 222 3972 multis
240 3911 485 3992 compaginatae
516 3912 729 3998 Porroprima
750 3924 783 3980 et
806 3919 945 3980 mrterlor
956 3934 1034 3999 pars
1054 3916 1175 4000 galeae,
1194 3933 1267 3999 quae

115 4009 230 4076 dicitur
250 4031 363 4097 prora,
385 4024 434 4077 cst
450 4026 562 4082 eontra
583 4037 670 4084 mare
691 4029 802 4102 acuta,
830 4032 862 4084 ct
883 4022 980 4086 habet
1003 4031 1141 4086 rostrum
1168 4020 1264 4084 durum

115 4115 284 4181 formatum
306 4119 346 4181 ad
368 4121 496 4185 modum
520 4131 555 4185 ut
577 4132 674 4205 capnt
701 4123 868 4208 draconis,
890 4135 1001 4208 aperto
1039 4146 1111 4210 ore,
1134 4127 1262 4210 ferreum,

113 4235 177 4306 quo
207 4223 241 4284 ln
263 4227 559 4289 emrtravenientem
587 4245 705 4288 navem
732 4229 933 4310 impingeret.
955 4231 1008 4296 Ab
1020 4240 1158 4314 utraque
1173 4241 1263 4294 autom
