2608 4842
558 123 628 190 m

21 305 200 370 talitium
211 307 399 392 pulchrum,
412 323 512 388 supra
520 313 722 388 praeruptam
740 313 874 389 petram,
895 314 928 368 et
939 323 999 388 per
1019 306 1187 373 circuitum

21 415 60 474 ts
98 413 267 496 fossata,
297 431 382 496 quae
408 411 483 474 olim
513 409 673 493 protunda
699 411 883 474 naturaliter
910 419 1003 473 eraut
1031 429 1072 474 ax
1106 427 1188 476 sea

21 528 100 602 rte,
127 533 206 603 qua
226 535 319 582 mons
341 506 433 600 Syou
450 515 598 599 jungitur
619 517 762 579 civitati:
784 525 817 577 et
840 506 942 580 ltlello
963 515 1008 578 ibi
1031 525 1123 578 erat·
1152 515 1186 580 A

21 633 91 687 rte
119 632 237 686 autem
248 623 383 686 australi
392 619 488 684 bodie
505 621 665 703 morundo
679 620 767 684 valle
783 621 941 684 munitur:
963 621 1062 684 babet
1077 628 1185 684 autem

21 747 50 792 ο
80 737 240 793 castrum
258 743 370 792 muros
388 725 471 788 altos
505 734 539 788 et
567 732 674 797 turres
706 725 824 790 multas
855 736 889 788 et
915 734 1029 790 vectes
1050 726 1183 793 terreos.

24 843 116 895 tum
140 835 289 896 castrum
311 829 449 913 quadam
471 830 535 892 alia
554 830 629 894 vioe
643 812 718 893 'vidi
732 815 779 894 'ab
807 832 905 894 intus.
933 829 1089 894 Stetimus
1106 844 1184 914 ergo

32 954 168 1000 arcem
186 933 308 1019 David,
331 935 371 1002 dc
385 921 458 1018 'qua
478 935 597 998 totiens
619 934 787 1021 Scriptura
808 938 1003 1000 mentionem
1025 936 1112 1017 facit,
1132 938 1186 998 iu-

21 1045 187 1126 eximus,
210 1051 243 1106 et
263 1039 380 1108 Mello:
404 1048 437 1102 et
458 1040 575 1105 faeiem
600 1043 766 1124 antiquam
786 1041 964 1127 lmusalem
983 1040 1028 1102 ibi
1039 1049 1187 1105 conteut-

21 1149 78 1210 ati
106 1165 250 1211 sumus:
274 1153 487 1229 quae-tamen
506 1143 735 1228 frequentibus
756 1143 1033 1208 devastationibus
1055 1153 1107 1208 est
1128 1143 1187 1208 dc-

21 1261 147 1336 rpata,
156 1252 266 1316 valles
286 1249 497 1333 proiundae
487 1253 649 1312 ruinarum
660 1252 790 1314 casibus
808 1252 930 1315 crebris
941 1241 1017 1314 suut
1033 1249 1187 1332 repletae

21 1367 98 1422 xta
121 1376 235 1420 arcem
257 1352 363 1420 David
382 1363 438 1416 est
459 1353 638 1417 descensus
660 1376 720 1445 per
739 1359 849 1464 vicum
863 1356 1028 1440 longum
1017 1375 1050 1417 ιιι
1070 1354 1187 1420 civita·

21 1485 76 1546 m,
93 1465 134 1524 et
154 1461 198 1525 ad
221 1460 413 1534 dominicum
436 1447 653 1575 sepulchrum

34 1694 107 1775 De
131 1691 278 1790 loco,
264 1721 302 1772 m
332 1717 403 1797 quo
426 1643 613 1800 Apostoli«
627 1697 774 1773 fuerunt
797 1677 974 1773 divisi'ab
997 1695 1151 1774 invicem

425 1931 444 1938 Μ
465 1816 735 1949 ρθιιιιιιιιιίιιιιι.

93 1999 319 2074 Aroe‘llavid.
336 1999 511 2084 peisp'cc'ta
537 1999 734 2066 revolvimus
758 2017 820 2062 nos
852 2006 886 2062 et
919 2000 1096 2064 avertimus
1127 2015 1187 2064 uos

21 2107 48 2168 b
73 2105 266 2186 occidente,
288 2111 321 2165 et
342 2103 519 2189 perviam,
543 2124 601 2188 per
622 2123 719 2188 quarn
742 2105 902 2186 venimus,
924 2107 1185 2188 reversisumas,

21 2225 122 2294 isque
146 2207 186 2270 ad
207 2208 363 2295 angulum
383 2210 483 2294 illum,
501 2209 598 2291 juxta
617 2228 712 2293 quem
732 2211 829 2272 beata
838 2209 943 2292 Virgo
966 2211 1187 2294 exspectabat,

21 2321 45 2375 rt
69 2313 128 2382 fol.
151 2311 221 2375 103.
241 2313 282 2392 A,
306 2313 426 2376 dictum
448 2325 507 2377 est.
546 2314 599 2376 Ab
616 2315 679 2377 boc
699 2313 817 2397 angulo
838 2313 1002 2396 paululum
1023 2315 1190 2398 progressi

21 2420 272 2482 tumus'eontra·
294 2426 456 2501 cumcun,
485 2425 519 2479 et
539 2419 581 2500 ad
610 2419 716 2482 locum
746 2418 916 2500 venimus,
942 2417 997 2480 ubi
1029 2421 1104 2482 viae
1131 2437 1191 2502 per

21 2521 147 2584 nodum
169 2524 272 2585 crucis
293 2541 332 2584 se
351 2525 557 2607 intersecant,
579 2525 626 2588 ita
648 2523 734 2606 quod
753 2524 849 2596 bomo
880 2525 915 2586 iu
947 2521 1052 2586 medio
1073 2525 1189 2607 crucis,

21 2631 113 2709 uuam
132 2615 206 2692 viae
225 2628 357 2710 faciunt,
377 2636 471 2690 maus
492 2636 600 2711 potest
630 2630 679 2693 ire
696 2637 813 2700 contra
834 2629 990 2692 orientem
1021 2638 1080 2692 aut
1097 2629 1189 2694 occi-

21 2733 169 2815 dentem3
183 2741 293 2797 contra
313 2731 499 2818 meridiem,
532 2743 588 2796 aut
620 2735 813 2820 aquilonem.
867 2737 911 2806 Et
939 2735 984 2797 ibi
1020 2741 1071 2798 est
1095 2733 1189 2799 locus

21 2835 186 2902 divisionis
205 2837 441 2934 Apostolorum
485 2837 603 2900 Nam
593 2858 628 2901 ιιι
642 2839 827 2909 coenacula
848 2839 941 2932 Syon
969 2848 1189 2906 tractaverant

21 2959 92 3004 cum
114 2942 206 3007 beata
225 2941 365 3034 Virgine
392 2941 433 3004 de
462 2960 575 3006 eorum
601 2963 679 3026 per
689 2943 850 3014 muudum
872 2944 1048 3028 divisione,
1075 2951 1111 3008 ut
1139 2945 1190 3008 eis

23 3055 237 3131 pracceptum
234 3046 316 3126 tuit,
336 3031 441 3110 Marci
461 3046 582 3110 ultimo.
605 3051 649 3110 Et
644 3057 746 3132 post
766 3049 908 3138 Spiritus
925 3048 1038 3114 Sancti
1057 3051 1190 3114 missio-

23 3169 94 3214 nem
113 3149 190 3231 (Β),
210 3169 282 3216 cum
298 3151 367 3234 jam
389 3171 449 3234 per
468 3151 628 3216 Judaeum
647 3154 891 3237 praedicassent
918 3158 952 3217 et
973 3155 1080 3238 aliqui
1112 3155 1190 3217 anni

28 3257 276 3340 elapsiiuissent,
299 3255 524 3340 compulsique
548 3260 828 3341 persecutionibus
838 3261 1042 3341 Iudaeorum,
1053 3255 1189 3324 dreXV.

28 3359 112 3445 Iulii,
129 3363 219 3446 jussu
237 3363 356 3425 'beatae
376 3359 526 3444 Virginis
547 3381 586 3426 se
604 3363 646 3426 ad
666 3383 834 3428 recessum
851 3365 1092 3448 disposuerunt,
1111 3357 1191 3422 nibil

32 3466 112 3530 aliud
134 3471 239 3532 sacam
254 3466 414 3549 terentes,
435 3467 500 3530 uisi
527 3468 682 3532 articulos
700 3469 797 3550 fidei,
820 3487 904 3552 quos
934 3469 1007 3532 XlI.
1041 3463 1191 3550 Apostoli

31 3577 261 3654 composuerant
281 3573 316 3632 iu
335 3571 437 3653 primo
450 3573 597 3657 concilio,
610 3571 697 3658 quod
715 3573 982 3658 celebratumper
1004 3591 1061 3636 eos
1083 3572 1191 3638 fuerat

33 3674 65 3735 in
86 3685 185 3740 monte
201 3675 304 3758 Syon.
328 3673 411 3738 Cum
433 3685 541 3742 autem
558 3678 627 3760 jam
648 3679 729 3742 hora'
746 3695 899 3744 recessus
920 3697 1030 3744 eorum
1046 3679 1190 3758 instaret,

38 3795 105 3840 cum
123 3797 230 3862 magua
245 3781 427 3850 reverentia
447 3783 615 3863 provoluti
636 3781 679 3847 ad
698 3782 803 3868 pedes
827 3785 1037 3850 beatissimae
1066 3780 1191 3846 Mariae

38 3880 169 3966 Virginis
188 3885 444 3952 benedictionem
479 3897 513 3951 et
537 3889 700 3952 licentiam
714 3875 717 3882 ’
733 3891 774 3954 ab
796 3909 836 3952 ea
856 3890 1080 3973 postulabant,
1108 3904 1192 3971 quos

40 3983 132 4070 Virgo
151 3989 278 4075 levavit,
309 4001 342 4054 et
362 3992 531 4077 complexa
551 3995 699 4077 singulos
719 3995 894 4079 benedixit,
922 4013 993 4059 cum
1015 3992 1193 4077 lachrymis

44 4087 142 4156 tientes
153 4094 264 4158 dimisit
275 4097 331 4160 ire.
354 4095 419 4175 Qui
438 4105 551 4161 omnes
570 4099 665 4164 simul
685 4099 727 4164 de
749 4102 924 4166 coenaculo
943 4100 1069 4184 egressi
1089 4113 1194 4180 usque

48 4191 83 4254 td
98 4197 171 4266 illan
189 4199 274 4265 viam
295 4204 339 4266 ln*
352 4221 450 4267 cruce
477 4222 605 4270 crucem
632 4197 848 4288 praedicaturi
879 4213 1057 4284 steterunt,
1089 4210 1122 4263 et
1142 4201 1194 4269 ibi
