<?xml version="1.0" encoding="UTF-8"?>
<!DOCTYPE html PUBLIC "-//W3C//DTD XHTML 1.0 Transitional//EN"
    "http://www.w3.org/TR/xhtml1/DTD/xhtml1-transitional.dtd">
<html xmlns="http://www.w3.org/1999/xhtml" xml:lang="en" lang="en">
 <head>
  <title>
</title>
<meta http-equiv="Content-Type" content="text/html;charset=utf-8" />
  <meta name='ocr-system' content='tesseract 3.04.00' />
  <meta name='ocr-capabilities' content='ocr_page ocr_carea ocr_par ocr_line ocrx_word'/>
</head>
<body>
  <div class='ocr_page' id='page_1' title='image "./fratrisfelicisf01fabrgoog_0482.png"; bbox 0 0 2792 4778; ppageno 0'>
   <div class='ocr_carea' id='block_1_1' title="bbox 637 114 702 178">
    <p class='ocr_par' dir='ltr' id='par_1_1' title="bbox 637 114 702 178">
     <span class='ocr_line' id='line_1_1' title="bbox 637 114 702 178; baseline 0 0"><span class='ocrx_word' id='word_1_1' title='bbox 637 114 702 178; x_wconf 80' lang='lat'><strong>455</strong></span> 
     </span>
    </p>
   </div>
   <div class='ocr_carea' id='block_1_2' title="bbox 105 251 1222 518">
    <p class='ocr_par' dir='ltr' id='par_1_2' title="bbox 105 251 1222 518">
     <span class='ocr_line' id='line_1_2' title="bbox 105 251 1222 402; baseline 0.004 -34"><span class='ocrx_word' id='word_1_2' title='bbox 105 251 165 370; x_wconf 72' lang='lat' dir='ltr'><strong>lie</strong></span> <span class='ocrx_word' id='word_1_3' title='bbox 190 293 373 370; x_wconf 82' lang='lat' dir='ltr'><strong>ccclesia:</strong></span> <span class='ocrx_word' id='word_1_4' title='bbox 416 293 543 370; x_wconf 80' lang='lat' dir='ltr'>Gloria</span> <span class='ocrx_word' id='word_1_5' title='bbox 568 296 607 369; x_wconf 92' lang='lat' dir='ltr'><strong>in</strong></span> <span class='ocrx_word' id='word_1_6' title='bbox 638 296 801 372; x_wconf 86' lang='lat' dir='ltr'><strong>excelsis</strong></span> <span class='ocrx_word' id='word_1_7' title='bbox 829 297 930 390; x_wconf 89' lang='lat' dir='ltr'><strong>Deo,</strong></span> <span class='ocrx_word' id='word_1_8' title='bbox 969 297 1029 374; x_wconf 90' lang='lat' dir='ltr'><strong>nbi</strong></span> <span class='ocrx_word' id='word_1_9' title='bbox 1054 303 1222 402; x_wconf 88' lang='lat' dir='ltr'><strong>pastores</strong></span> 
     </span>
     <span class='ocr_line' id='line_1_3' title="bbox 495 418 836 518; baseline -0.009 -27"><span class='ocrx_word' id='word_1_10' title='bbox 495 423 599 491; x_wconf 87' lang='lat' dir='ltr'><strong>erant</strong></span> <span class='ocrx_word' id='word_1_11' title='bbox 630 418 836 518; x_wconf 84' lang='lat' dir='ltr'><strong>vigilantes.</strong></span> 
     </span>
    </p>
   </div>
   <div class='ocr_carea' id='block_1_3' title="bbox 16 599 1288 3610">
    <p class='ocr_par' dir='ltr' id='par_1_3' title="bbox 16 599 1288 3610">
     <span class='ocr_line' id='line_1_4' title="bbox 163 599 1247 692; baseline -0.002 -26"><span class='ocrx_word' id='word_1_12' title='bbox 163 601 227 666; x_wconf 81' lang='lat' dir='ltr'><strong>Per</strong></span> <span class='ocrx_word' id='word_1_13' title='bbox 247 599 368 662; x_wconf 86' lang='lat' dir='ltr'><strong>olivum</strong></span> <span class='ocrx_word' id='word_1_14' title='bbox 384 609 620 684; x_wconf 88' lang='lat' dir='ltr'><strong>consequenter</strong></span> <span class='ocrx_word' id='word_1_15' title='bbox 637 600 864 692; x_wconf 81' lang='lat' dir='ltr'><strong>descendimus</strong></span> <span class='ocrx_word' id='word_1_16' title='bbox 880 619 939 684; x_wconf 91' lang='lat' dir='ltr'><strong>per</strong></span> <span class='ocrx_word' id='word_1_17' title='bbox 955 599 1065 664; x_wconf 88' lang='lat' dir='ltr'><strong>hortos</strong></span> <span class='ocrx_word' id='word_1_18' title='bbox 1078 599 1247 684; x_wconf 74' lang='lat' dir='ltr'><strong>eduorum,</strong></span> 
     </span>
     <span class='ocr_line' id='line_1_5' title="bbox 80 703 1247 793; baseline -0.003 -21"><span class='ocrx_word' id='word_1_19' title='bbox 80 718 114 772; x_wconf 89' lang='lat' dir='ltr'><strong>et</strong></span> <span class='ocrx_word' id='word_1_20' title='bbox 134 709 170 770; x_wconf 93' lang='lat' dir='ltr'><strong>in</strong></span> <span class='ocrx_word' id='word_1_21' title='bbox 184 703 302 769; x_wconf 86' lang='lat' dir='ltr'><strong>vallem</strong></span> <span class='ocrx_word' id='word_1_22' title='bbox 313 706 473 793; x_wconf 83' lang='lat' dir='ltr'><strong>venimus¹</strong></span> <span class='ocrx_word' id='word_1_23' title='bbox 486 706 593 789; x_wconf 90' lang='lat' dir='ltr'><strong>latam,</strong></span> <span class='ocrx_word' id='word_1_24' title='bbox 616 707 705 770; x_wconf 92' lang='lat' dir='ltr'><strong>arvis</strong></span> <span class='ocrx_word' id='word_1_25' title='bbox 726 715 758 770; x_wconf 88' lang='lat' dir='ltr'><strong>et</strong></span> <span class='ocrx_word' id='word_1_26' title='bbox 777 707 865 789; x_wconf 85' lang='lat' dir='ltr'><strong>agris</strong></span> <span class='ocrx_word' id='word_1_27' title='bbox 881 705 1050 778; x_wconf 80' lang='lat' dir='ltr'><strong>consitam.</strong></span> <span class='ocrx_word' id='word_1_28' title='bbox 1093 707 1131 770; x_wconf 89' lang='lat' dir='ltr'><strong>ln</strong></span> <span class='ocrx_word' id='word_1_29' title='bbox 1142 703 1247 770; x_wconf 90' lang='lat' dir='ltr'><strong>medio</strong></span> 
     </span>
     <span class='ocr_line' id='line_1_6' title="bbox 82 808 1246 896; baseline 0.003 -24"><span class='ocrx_word' id='word_1_30' title='bbox 82 815 192 872; x_wconf 85' lang='lat' dir='ltr'><strong>antem</strong></span> <span class='ocrx_word' id='word_1_31' title='bbox 212 808 309 873; x_wconf 85' lang='lat' dir='ltr'><strong>vallis</strong></span> <span class='ocrx_word' id='word_1_32' title='bbox 329 809 470 876; x_wconf 89' lang='lat' dir='ltr'><strong>vidimus</strong></span> <span class='ocrx_word' id='word_1_33' title='bbox 492 813 604 878; x_wconf 87' lang='lat' dir='ltr'><strong>ruinas</strong></span> <span class='ocrx_word' id='word_1_34' title='bbox 622 829 757 896; x_wconf 83' lang='lat' dir='ltr'><strong>magnas</strong></span> <span class='ocrx_word' id='word_1_35' title='bbox 778 828 955 894; x_wconf 90' lang='lat' dir='ltr'><strong>murorum,</strong></span> <span class='ocrx_word' id='word_1_36' title='bbox 984 815 1019 874; x_wconf 87' lang='lat' dir='ltr'><strong>ot</strong></span> <span class='ocrx_word' id='word_1_37' title='bbox 1040 810 1246 894; x_wconf 90' lang='lat' dir='ltr'><strong>antiquorum</strong></span> 
     </span>
     <span class='ocr_line' id='line_1_7' title="bbox 80 913 1247 1013; baseline -0.001 -34"><span class='ocrx_word' id='word_1_38' title='bbox 80 913 306 1013; x_wconf 67' lang='lat' dir='ltr'><strong>aedificiorum</strong></span> <span class='ocrx_word' id='word_1_39' title='bbox 324 914 488 999; x_wconf 71' lang='lat' dir='ltr'><strong>reliquiae,</strong></span> <span class='ocrx_word' id='word_1_40' title='bbox 510 926 543 979; x_wconf 89' lang='lat' dir='ltr'><strong>et</strong></span> <span class='ocrx_word' id='word_1_41' title='bbox 564 917 605 982; x_wconf 91' lang='lat' dir='ltr'><strong>ad</strong></span> <span class='ocrx_word' id='word_1_42' title='bbox 626 919 701 980; x_wconf 91' lang='lat' dir='ltr'><strong>illas</strong></span> <span class='ocrx_word' id='word_1_43' title='bbox 723 917 834 980; x_wconf 89' lang='lat' dir='ltr'><strong>ruinas</strong></span> <span class='ocrx_word' id='word_1_44' title='bbox 856 933 916 978; x_wconf 90' lang='lat' dir='ltr'><strong>uos</strong></span> <span class='ocrx_word' id='word_1_45' title='bbox 940 916 1170 980; x_wconf 76' lang='lat' dir='ltr'><strong>convertimus.</strong></span> <span class='ocrx_word' id='word_1_46' title='bbox 1205 915 1247 982; x_wconf 86' lang='lat' dir='ltr'><strong>iit</strong></span> 
     </span>
     <span class='ocr_line' id='line_1_8' title="bbox 79 1017 1248 1105; baseline 0 -23"><span class='ocrx_word' id='word_1_47' title='bbox 79 1037 156 1082; x_wconf 90' lang='lat' dir='ltr'><strong>cum</strong></span> <span class='ocrx_word' id='word_1_48' title='bbox 179 1019 220 1084; x_wconf 88' lang='lat' dir='ltr'><strong>ad</strong></span> <span class='ocrx_word' id='word_1_49' title='bbox 241 1019 348 1084; x_wconf 88' lang='lat' dir='ltr'><strong>locum</strong></span> <span class='ocrx_word' id='word_1_50' title='bbox 369 1023 592 1105; x_wconf 76' lang='lat' dir='ltr'><strong>venissemus,</strong></span> <span class='ocrx_word' id='word_1_51' title='bbox 614 1023 798 1086; x_wconf 79' lang='lat' dir='ltr'><strong>invenimus</strong></span> <span class='ocrx_word' id='word_1_52' title='bbox 820 1019 991 1091; x_wconf 89' lang='lat' dir='ltr'><strong>ecclesiam</strong></span> <span class='ocrx_word' id='word_1_53' title='bbox 1015 1017 1192 1086; x_wconf 83' lang='lat' dir='ltr'><strong>desolatam</strong></span> <span class='ocrx_word' id='word_1_54' title='bbox 1215 1027 1248 1082; x_wconf 88' lang='lat' dir='ltr'><strong>et</strong></span> 
     </span>
     <span class='ocr_line' id='line_1_9' title="bbox 79 1119 1247 1210; baseline 0.003 -24"><span class='ocrx_word' id='word_1_55' title='bbox 79 1123 271 1206; x_wconf 71' lang='lat' dir='ltr'><strong>dissipatam</strong></span> <span class='ocrx_word' id='word_1_56' title='bbox 283 1168 294 1206; x_wconf 88' lang='lat'><strong>,</strong></span> <span class='ocrx_word' id='word_1_57' title='bbox 317 1123 436 1205; x_wconf 54' lang='lat' dir='ltr'><strong>‘cujus‘</strong></span> <span class='ocrx_word' id='word_1_58' title='bbox 449 1133 558 1190; x_wconf 88' lang='lat' dir='ltr'><strong>tamen</strong></span> <span class='ocrx_word' id='word_1_59' title='bbox 588 1128 726 1192; x_wconf 87' lang='lat' dir='ltr'><strong>anterior</strong></span> <span class='ocrx_word' id='word_1_60' title='bbox 756 1141 833 1210; x_wconf 92' lang='lat' dir='ltr'><strong>pars</strong></span> <span class='ocrx_word' id='word_1_61' title='bbox 866 1131 1071 1191; x_wconf 74' lang='lat' dir='ltr'><strong>remanserat.</strong></span> <span class='ocrx_word' id='word_1_62' title='bbox 1126 1119 1247 1190; x_wconf 70' lang='lat' dir='ltr'><strong>ciuica</strong></span> 
     </span>
     <span class='ocr_line' id='line_1_10' title="bbox 78 1223 1246 1316; baseline 0.003 -26"><span class='ocrx_word' id='word_1_63' title='bbox 78 1235 191 1290; x_wconf 89' lang='lat' dir='ltr'><strong>autem</strong></span> <span class='ocrx_word' id='word_1_64' title='bbox 206 1228 336 1316; x_wconf 53' lang='lat' dir='ltr'><strong>incepit,</strong></span> <span class='ocrx_word' id='word_1_65' title='bbox 350 1229 419 1297; x_wconf 89' lang='lat' dir='ltr'><strong>alta</strong></span> <span class='ocrx_word' id='word_1_66' title='bbox 437 1248 520 1298; x_wconf 86' lang='lat' dir='ltr'><strong>voce</strong></span> <span class='ocrx_word' id='word_1_67' title='bbox 541 1233 724 1316; x_wconf 74' lang='lat' dir='ltr'><strong>angelicum</strong></span> <span class='ocrx_word' id='word_1_68' title='bbox 743 1231 916 1314; x_wconf 79' lang='lat' dir='ltr'><strong>hymnum:</strong></span> <span class='ocrx_word' id='word_1_69' title='bbox 939 1223 1050 1294; x_wconf 82' lang='lat' dir='ltr'><strong>Gloria</strong></span> <span class='ocrx_word' id='word_1_70' title='bbox 1062 1227 1095 1292; x_wconf 92' lang='lat' dir='ltr'><strong>in</strong></span> <span class='ocrx_word' id='word_1_71' title='bbox 1106 1225 1246 1294; x_wconf 84' lang='lat' dir='ltr'><strong>excelsis</strong></span> 
     </span>
     <span class='ocr_line' id='line_1_11' title="bbox 78 1333 1247 1418; baseline 0.001 -23"><span class='ocrx_word' id='word_1_72' title='bbox 78 1333 170 1415; x_wconf 83' lang='lat' dir='ltr'><strong>De03</strong></span> <span class='ocrx_word' id='word_1_73' title='bbox 192 1341 224 1395; x_wconf 88' lang='lat' dir='ltr'><strong>et</strong></span> <span class='ocrx_word' id='word_1_74' title='bbox 237 1349 306 1410; x_wconf 70' lang='lat' dir='ltr'><strong>,nos</strong></span> <span class='ocrx_word' id='word_1_75' title='bbox 317 1336 480 1414; x_wconf 85' lang='lat' dir='ltr'><strong>precanti</strong></span> <span class='ocrx_word' id='word_1_76' title='bbox 500 1353 631 1403; x_wconf 74' lang='lat' dir='ltr'><strong>snmus:</strong></span> <span class='ocrx_word' id='word_1_77' title='bbox 650 1337 693 1400; x_wconf 82' lang='lat' dir='ltr'><strong>lit</strong></span> <span class='ocrx_word' id='word_1_78' title='bbox 712 1340 745 1403; x_wconf 85' lang='lat' dir='ltr'><strong>in</strong></span> <span class='ocrx_word' id='word_1_79' title='bbox 757 1341 844 1398; x_wconf 88' lang='lat' dir='ltr'><strong>terra</strong></span> <span class='ocrx_word' id='word_1_80' title='bbox 865 1350 929 1416; x_wconf 86' lang='lat' dir='ltr'><strong>pax</strong></span> <span class='ocrx_word' id='word_1_81' title='bbox 943 1339 1018 1418; x_wconf 82' lang='lat' dir='ltr'><strong>eta,</strong></span> <span class='ocrx_word' id='word_1_82' title='bbox 1037 1349 1110 1396; x_wconf 91' lang='lat' dir='ltr'><strong>cnm</strong></span> <span class='ocrx_word' id='word_1_83' title='bbox 1129 1343 1247 1416; x_wconf 71' lang='lat' dir='ltr'><strong>magm</strong></span> 
     </span>
     <span class='ocr_line' id='line_1_12' title="bbox 78 1436 1247 1528; baseline -0.001 -28"><span class='ocrx_word' id='word_1_84' title='bbox 78 1437 285 1505; x_wconf 72' lang='lat' dir='ltr'><strong>solemnitate.</strong></span> <span class='ocrx_word' id='word_1_85' title='bbox 329 1436 412 1502; x_wconf 90' lang='lat' dir='ltr'><strong>Cum</strong></span> <span class='ocrx_word' id='word_1_86' title='bbox 437 1439 493 1504; x_wconf 90' lang='lat' dir='ltr'><strong>illc</strong></span> <span class='ocrx_word' id='word_1_87' title='bbox 523 1459 601 1528; x_wconf 81' lang='lat' dir='ltr'><strong>argo</strong></span> <span class='ocrx_word' id='word_1_88' title='bbox 629 1450 727 1507; x_wconf 90' lang='lat' dir='ltr'><strong>cantu</strong></span> <span class='ocrx_word' id='word_1_89' title='bbox 755 1457 813 1525; x_wconf 89' lang='lat' dir='ltr'><strong>par</strong></span> <span class='ocrx_word' id='word_1_90' title='bbox 838 1437 947 1505; x_wconf 82' lang='lat' dir='ltr'><strong>ritinas</strong></span> <span class='ocrx_word' id='word_1_91' title='bbox 975 1436 1184 1520; x_wconf 74' lang='lat' dir='ltr'><strong>intravimus,</strong></span> <span class='ocrx_word' id='word_1_92' title='bbox 1214 1443 1247 1500; x_wconf 86' lang='lat' dir='ltr'><strong>at</strong></span> 
     </span>
     <span class='ocr_line' id='line_1_13' title="bbox 78 1539 1247 1628; baseline 0.002 -22"><span class='ocrx_word' id='word_1_93' title='bbox 78 1542 115 1606; x_wconf 92' lang='lat' dir='ltr'><strong>in</strong></span> <span class='ocrx_word' id='word_1_94' title='bbox 137 1543 270 1628; x_wconf 79' lang='lat' dir='ltr'><strong>ehdpnrn</strong></span> <span class='ocrx_word' id='word_1_95' title='bbox 293 1542 536 1628; x_wconf 65' lang='lat' dir='ltr'><strong>descernimus,</strong></span> <span class='ocrx_word' id='word_1_96' title='bbox 566 1544 600 1606; x_wconf 90' lang='lat' dir='ltr'><strong>in</strong></span> <span class='ocrx_word' id='word_1_97' title='bbox 622 1561 686 1628; x_wconf 91' lang='lat' dir='ltr'><strong>qno</strong></span> <span class='ocrx_word' id='word_1_98' title='bbox 706 1539 813 1611; x_wconf 91' lang='lat' dir='ltr'><strong>adhuc</strong></span> <span class='ocrx_word' id='word_1_99' title='bbox 835 1549 901 1608; x_wconf 92' lang='lat' dir='ltr'><strong>stat</strong></span> <span class='ocrx_word' id='word_1_100' title='bbox 923 1541 1024 1606; x_wconf 86' lang='lat' dir='ltr'><strong>altare</strong></span> <span class='ocrx_word' id='word_1_101' title='bbox 1045 1539 1247 1608; x_wconf 87' lang='lat' dir='ltr'><strong>contamina·</strong></span> 
     </span>
     <span class='ocr_line' id='line_1_14' title="bbox 73 1645 1246 1738; baseline 0.003 -29"><span class='ocrx_word' id='word_1_102' title='bbox 73 1657 165 1730; x_wconf 74' lang='lat' dir='ltr'><strong>-tum5</strong></span> <span class='ocrx_word' id='word_1_103' title='bbox 187 1645 296 1738; x_wconf 84' lang='lat' dir='ltr'><strong>tamen</strong></span> <span class='ocrx_word' id='word_1_104' title='bbox 307 1657 491 1730; x_wconf 75' lang='lat' dir='ltr'><strong>pergentes.</strong></span> <span class='ocrx_word' id='word_1_105' title='bbox 537 1647 621 1714; x_wconf 82' lang='lat' dir='ltr'><strong>Cnm</strong></span> <span class='ocrx_word' id='word_1_106' title='bbox 631 1665 750 1734; x_wconf 76' lang='lat' dir='ltr'><strong>magna</strong></span> <span class='ocrx_word' id='word_1_107' title='bbox 767 1665 844 1732; x_wconf 84' lang='lat' dir='ltr'><strong>argo</strong></span> <span class='ocrx_word' id='word_1_108' title='bbox 861 1647 1028 1714; x_wconf 89' lang='lat' dir='ltr'><strong>alacritate</strong></span> <span class='ocrx_word' id='word_1_109' title='bbox 1044 1645 1246 1712; x_wconf 86' lang='lat' dir='ltr'><strong>caritavimna</strong></span> 
     </span>
     <span class='ocr_line' id='line_1_15' title="bbox 16 1743 1242 1837; baseline -0.002 -20"><span class='ocrx_word' id='word_1_110' title='bbox 16 1743 17 1746; x_wconf 28' lang='lat'>¹</span> <span class='ocrx_word' id='word_1_111' title='bbox 78 1753 194 1818; x_wconf 85' lang='lat' dir='ltr'><strong>Gloria</strong></span> <span class='ocrx_word' id='word_1_112' title='bbox 207 1753 247 1816; x_wconf 83' lang='lat' dir='ltr'><strong>in</strong></span> <span class='ocrx_word' id='word_1_113' title='bbox 266 1752 407 1816; x_wconf 87' lang='lat' dir='ltr'><strong>excelsis</strong></span> <span class='ocrx_word' id='word_1_114' title='bbox 428 1755 499 1818; x_wconf 87' lang='lat' dir='ltr'><strong>Deo</strong></span> <span class='ocrx_word' id='word_1_115' title='bbox 521 1761 554 1816; x_wconf 88' lang='lat' dir='ltr'><strong>at</strong></span> <span class='ocrx_word' id='word_1_116' title='bbox 575 1754 767 1837; x_wconf 75' lang='lat' dir='ltr'><strong>antiphonas</strong></span> <span class='ocrx_word' id='word_1_117' title='bbox 790 1750 893 1836; x_wconf 75' lang='lat' dir='ltr'><strong>(m</strong></span> <span class='ocrx_word' id='word_1_118' title='bbox 906 1751 969 1830; x_wconf 64' lang='lat' dir='ltr'><strong>en:</strong></span> <span class='ocrx_word' id='word_1_119' title='bbox 994 1767 1089 1836; x_wconf 82' lang='lat' dir='ltr'><strong>qnam</strong></span> <span class='ocrx_word' id='word_1_120' title='bbox 1111 1749 1242 1816; x_wconf 80' lang='lat' dir='ltr'><strong>vidiuis</strong></span> 
     </span>
     <span class='ocr_line' id='line_1_16' title="bbox 78 1851 1246 1941; baseline 0.002 -23"><span class='ocrx_word' id='word_1_121' title='bbox 78 1864 229 1940; x_wconf 87' lang='lat' dir='ltr'><strong>pastores</strong></span> <span class='ocrx_word' id='word_1_122' title='bbox 253 1863 326 1937; x_wconf 83' lang='lat' dir='ltr'><strong>etc,</strong></span> <span class='ocrx_word' id='word_1_123' title='bbox 363 1867 396 1920; x_wconf 89' lang='lat' dir='ltr'><strong>et</strong></span> <span class='ocrx_word' id='word_1_124' title='bbox 423 1857 527 1923; x_wconf 86' lang='lat' dir='ltr'><strong>illam:</strong></span> <span class='ocrx_word' id='word_1_125' title='bbox 557 1857 707 1941; x_wconf 84' lang='lat' dir='ltr'><strong>Angelus</strong></span> <span class='ocrx_word' id='word_1_126' title='bbox 736 1856 777 1919; x_wconf 91' lang='lat' dir='ltr'><strong>ad</strong></span> <span class='ocrx_word' id='word_1_127' title='bbox 804 1865 952 1939; x_wconf 88' lang='lat' dir='ltr'><strong>pastores</strong></span> <span class='ocrx_word' id='word_1_128' title='bbox 981 1855 1025 1924; x_wconf 84' lang='lat' dir='ltr'><strong>att</strong></span> <span class='ocrx_word' id='word_1_129' title='bbox 1055 1862 1115 1918; x_wconf 89' lang='lat' dir='ltr'><strong>ato.</strong></span> <span class='ocrx_word' id='word_1_130' title='bbox 1165 1851 1246 1920; x_wconf 83' lang='lat' dir='ltr'><strong>Post</strong></span> 
     </span>
     <span class='ocr_line' id='line_1_17' title="bbox 78 1957 1244 2044; baseline -0.005 -20"><span class='ocrx_word' id='word_1_131' title='bbox 78 1973 211 2028; x_wconf 74' lang='lat' dir='ltr'><strong>mutum</strong></span> <span class='ocrx_word' id='word_1_132' title='bbox 244 1960 407 2027; x_wconf 87' lang='lat' dir='ltr'><strong>oravimus</strong></span> <span class='ocrx_word' id='word_1_133' title='bbox 432 1961 465 2022; x_wconf 93' lang='lat' dir='ltr'><strong>in</strong></span> <span class='ocrx_word' id='word_1_134' title='bbox 497 1961 625 2037; x_wconf 72' lang='lat' dir='ltr'><strong>silentio</strong></span> <span class='ocrx_word' id='word_1_135' title='bbox 654 1971 687 2024; x_wconf 89' lang='lat' dir='ltr'><strong>at</strong></span> <span class='ocrx_word' id='word_1_136' title='bbox 722 1959 942 2042; x_wconf 79' lang='lat' dir='ltr'><strong>indulgentias</strong></span> <span class='ocrx_word' id='word_1_137' title='bbox 972 1959 1153 2044; x_wconf 82' lang='lat' dir='ltr'><strong>recepimus</strong></span> <span class='ocrx_word' id='word_1_138' title='bbox 1179 1957 1244 2044; x_wconf 65' lang='lat' dir='ltr'><strong>(is).</strong></span> 
     </span>
     <span class='ocr_line' id='line_1_18' title="bbox 75 2063 1249 2150; baseline -0.002 -20"><span class='ocrx_word' id='word_1_139' title='bbox 75 2066 142 2130; x_wconf 80' lang='lat' dir='ltr'><strong>Illa</strong></span> <span class='ocrx_word' id='word_1_140' title='bbox 161 2065 302 2130; x_wconf 86' lang='lat' dir='ltr'><strong>ccclesia</strong></span> <span class='ocrx_word' id='word_1_141' title='bbox 328 2071 392 2129; x_wconf 85' lang='lat' dir='ltr'><strong>stat</strong></span> <span class='ocrx_word' id='word_1_142' title='bbox 413 2067 458 2130; x_wconf 66' lang='lat' dir='ltr'><strong>in⁴</strong></span> <span class='ocrx_word' id='word_1_143' title='bbox 471 2065 552 2147; x_wconf 88' lang='lat' dir='ltr'><strong>loeo,</strong></span> <span class='ocrx_word' id='word_1_144' title='bbox 574 2067 608 2131; x_wconf 90' lang='lat' dir='ltr'><strong>in</strong></span> <span class='ocrx_word' id='word_1_145' title='bbox 630 2084 694 2148; x_wconf 92' lang='lat' dir='ltr'><strong>quo</strong></span> <span class='ocrx_word' id='word_1_146' title='bbox 710 2071 861 2150; x_wconf 76' lang='lat' dir='ltr'><strong>pastores</strong></span> <span class='ocrx_word' id='word_1_147' title='bbox 881 2063 978 2128; x_wconf 91' lang='lat' dir='ltr'><strong>simul</strong></span> <span class='ocrx_word' id='word_1_148' title='bbox 1000 2064 1145 2130; x_wconf 85' lang='lat' dir='ltr'><strong>erant&#39;in</strong></span> <span class='ocrx_word' id='word_1_149' title='bbox 1167 2063 1249 2130; x_wconf 83' lang='lat' dir='ltr'><strong>liora</strong></span> 
     </span>
     <span class='ocr_line' id='line_1_19' title="bbox 79 2167 1247 2254; baseline 0.004 -25"><span class='ocrx_word' id='word_1_150' title='bbox 79 2167 261 2231; x_wconf 87' lang='lat' dir='ltr'><strong>nativitatis</strong></span> <span class='ocrx_word' id='word_1_151' title='bbox 281 2167 412 2234; x_wconf 87' lang='lat' dir='ltr'><strong>Domini</strong></span> <span class='ocrx_word' id='word_1_152' title='bbox 430 2171 531 2254; x_wconf 91' lang='lat' dir='ltr'><strong>Jesu,</strong></span> <span class='ocrx_word' id='word_1_153' title='bbox 559 2179 592 2232; x_wconf 88' lang='lat' dir='ltr'><strong>at</strong></span> <span class='ocrx_word' id='word_1_154' title='bbox 613 2170 657 2232; x_wconf 88' lang='lat' dir='ltr'><strong>ibi</strong></span> <span class='ocrx_word' id='word_1_155' title='bbox 678 2168 814 2254; x_wconf 81' lang='lat' dir='ltr'><strong>angelus</strong></span> <span class='ocrx_word' id='word_1_156' title='bbox 836 2168 898 2232; x_wconf 86' lang='lat' dir='ltr'><strong>Dei</strong></span> <span class='ocrx_word' id='word_1_157' title='bbox 920 2168 1067 2253; x_wconf 85' lang='lat' dir='ltr'><strong>apparuit</strong></span> <span class='ocrx_word' id='word_1_158' title='bbox 1088 2171 1122 2234; x_wconf 85' lang='lat' dir='ltr'><strong>at</strong></span> <span class='ocrx_word' id='word_1_159' title='bbox 1144 2167 1247 2234; x_wconf 86' lang='lat' dir='ltr'><strong>astitit</strong></span> 
     </span>
     <span class='ocr_line' id='line_1_20' title="bbox 75 2269 1247 2354; baseline 0.003 -17"><span class='ocrx_word' id='word_1_160' title='bbox 75 2269 173 2352; x_wconf 81' lang='lat' dir='ltr'><strong>juxta</strong></span> <span class='ocrx_word' id='word_1_161' title='bbox 212 2271 286 2337; x_wconf 85' lang='lat' dir='ltr'><strong>illas</strong></span> <span class='ocrx_word' id='word_1_162' title='bbox 297 2313 309 2348; x_wconf 91' lang='lat'><strong>,</strong></span> <span class='ocrx_word' id='word_1_163' title='bbox 348 2285 381 2340; x_wconf 92' lang='lat' dir='ltr'><strong>et</strong></span> <span class='ocrx_word' id='word_1_164' title='bbox 423 2276 562 2352; x_wconf 68' lang='lat' dir='ltr'><strong>claritas,</strong></span> <span class='ocrx_word' id='word_1_165' title='bbox 580 2275 709 2338; x_wconf 85' lang='lat' dir='ltr'><strong>Domini</strong></span> <span class='ocrx_word' id='word_1_166' title='bbox 747 2273 959 2338; x_wconf 79' lang='lat' dir='ltr'><strong>circumfulsit</strong></span> <span class='ocrx_word' id='word_1_167' title='bbox 997 2291 1072 2354; x_wconf 87' lang='lat' dir='ltr'><strong>eos,</strong></span> <span class='ocrx_word' id='word_1_168' title='bbox 1110 2271 1247 2340; x_wconf 75' lang='lat' dir='ltr'><strong>dicensi</strong></span> 
     </span>
     <span class='ocr_line' id='line_1_21' title="bbox 78 2375 1246 2461; baseline 0.003 -25"><span class='ocrx_word' id='word_1_169' title='bbox 78 2375 248 2455; x_wconf 78' lang='lat' dir='ltr'><strong>Annuntio</strong></span> <span class='ocrx_word' id='word_1_170' title='bbox 270 2377 365 2439; x_wconf 85' lang='lat' dir='ltr'><strong>vobis</strong></span> <span class='ocrx_word' id='word_1_171' title='bbox 386 2377 537 2460; x_wconf 82' lang='lat' dir='ltr'><strong>gandium</strong></span> <span class='ocrx_word' id='word_1_172' title='bbox 559 2387 624 2449; x_wconf 79' lang='lat' dir='ltr'><strong>etc.</strong></span> <span class='ocrx_word' id='word_1_173' title='bbox 639 2379 801 2461; x_wconf 22' lang='lat' dir='ltr'><strong>Lucacull.</strong></span> <span class='ocrx_word' id='word_1_174' title='bbox 844 2381 882 2442; x_wconf 90' lang='lat' dir='ltr'><strong>In</strong></span> <span class='ocrx_word' id='word_1_175' title='bbox 904 2378 966 2444; x_wconf 88' lang='lat' dir='ltr'><strong>hac</strong></span> <span class='ocrx_word' id='word_1_176' title='bbox 988 2378 1084 2442; x_wconf 86' lang='lat' dir='ltr'><strong>etiam</strong></span> <span class='ocrx_word' id='word_1_177' title='bbox 1106 2375 1246 2442; x_wconf 88' lang='lat' dir='ltr'><strong>ecclesia</strong></span> 
     </span>
     <span class='ocr_line' id='line_1_22' title="bbox 75 2477 1245 2565; baseline 0.004 -26"><span class='ocrx_word' id='word_1_178' title='bbox 75 2486 131 2540; x_wconf 81' lang='lat' dir='ltr'><strong>ast</strong></span> <span class='ocrx_word' id='word_1_179' title='bbox 151 2477 242 2542; x_wconf 90' lang='lat' dir='ltr'><strong>locus</strong></span> <span class='ocrx_word' id='word_1_180' title='bbox 263 2480 448 2564; x_wconf 90' lang='lat' dir='ltr'><strong>sepulturae</strong></span> <span class='ocrx_word' id='word_1_181' title='bbox 469 2491 633 2565; x_wconf 89' lang='lat' dir='ltr'><strong>pastorum</strong></span> <span class='ocrx_word' id='word_1_182' title='bbox 655 2483 790 2548; x_wconf 89' lang='lat' dir='ltr'><strong>illorum.</strong></span> <span class='ocrx_word' id='word_1_183' title='bbox 833 2483 919 2548; x_wconf 90' lang='lat' dir='ltr'><strong>Nam</strong></span> <span class='ocrx_word' id='word_1_184' title='bbox 942 2482 1017 2553; x_wconf 88' lang='lat' dir='ltr'><strong>dnm</strong></span> <span class='ocrx_word' id='word_1_185' title='bbox 1036 2488 1245 2564; x_wconf 87' lang='lat' dir='ltr'><strong>morerentur,</strong></span> 
     </span>
     <span class='ocr_line' id='line_1_23' title="bbox 78 2583 1242 2672; baseline 0.001 -26"><span class='ocrx_word' id='word_1_186' title='bbox 78 2584 116 2648; x_wconf 89' lang='lat' dir='ltr'><strong>in</strong></span> <span class='ocrx_word' id='word_1_187' title='bbox 132 2583 224 2654; x_wconf 82' lang='lat' dir='ltr'><strong>nullo</strong></span> <span class='ocrx_word' id='word_1_188' title='bbox 250 2584 313 2646; x_wconf 91' lang='lat' dir='ltr'><strong>alic</strong></span> <span class='ocrx_word' id='word_1_189' title='bbox 335 2584 406 2668; x_wconf 70' lang='lat' dir='ltr'><strong>loeo</strong></span> <span class='ocrx_word' id='word_1_190' title='bbox 435 2587 568 2669; x_wconf 86' lang='lat' dir='ltr'><strong>sepeliri</strong></span> <span class='ocrx_word' id='word_1_191' title='bbox 595 2588 764 2672; x_wconf 85' lang='lat' dir='ltr'><strong>volebant,</strong></span> <span class='ocrx_word' id='word_1_192' title='bbox 798 2589 862 2652; x_wconf 87' lang='lat' dir='ltr'><strong>nisi</strong></span> <span class='ocrx_word' id='word_1_193' title='bbox 895 2591 929 2650; x_wconf 92' lang='lat' dir='ltr'><strong>in</strong></span> <span class='ocrx_word' id='word_1_194' title='bbox 961 2587 1033 2651; x_wconf 92' lang='lat' dir='ltr'><strong>loco</strong></span> <span class='ocrx_word' id='word_1_195' title='bbox 1065 2583 1242 2669; x_wconf 75' lang='lat' dir='ltr'><strong>gaudiosae</strong></span> 
     </span>
     <span class='ocr_line' id='line_1_24' title="bbox 80 2687 1245 2775; baseline -0.001 -25"><span class='ocrx_word' id='word_1_196' title='bbox 80 2688 290 2775; x_wconf 70' lang='lat' dir='ltr'><strong>appapitionis</strong></span> <span class='ocrx_word' id='word_1_197' title='bbox 317 2689 523 2772; x_wconf 82' lang='lat' dir='ltr'><strong>angelornm,</strong></span> <span class='ocrx_word' id='word_1_198' title='bbox 551 2693 606 2755; x_wconf 89' lang='lat' dir='ltr'><strong>ubi</strong></span> <span class='ocrx_word' id='word_1_199' title='bbox 634 2691 804 2755; x_wconf 89' lang='lat' dir='ltr'><strong>audierant</strong></span> <span class='ocrx_word' id='word_1_200' title='bbox 831 2691 1064 2758; x_wconf 88' lang='lat' dir='ltr'><strong>multitudinem</strong></span> <span class='ocrx_word' id='word_1_201' title='bbox 1093 2687 1245 2754; x_wconf 87' lang='lat' dir='ltr'><strong>coelestis</strong></span> 
     </span>
     <span class='ocr_line' id='line_1_25' title="bbox 16 2791 1288 2879; baseline 0 -24"><span class='ocrx_word' id='word_1_202' title='bbox 16 2871 19 2876; x_wconf 19' lang='grc' dir='ltr'>Ι</span> <span class='ocrx_word' id='word_1_203' title='bbox 80 2793 216 2858; x_wconf 86' lang='lat' dir='ltr'><strong>militiae</strong></span> <span class='ocrx_word' id='word_1_204' title='bbox 240 2800 388 2857; x_wconf 86' lang='lat' dir='ltr'><strong>cantare:</strong></span> <span class='ocrx_word' id='word_1_205' title='bbox 412 2791 525 2858; x_wconf 80' lang='lat' dir='ltr'><strong>Gloria</strong></span> <span class='ocrx_word' id='word_1_206' title='bbox 549 2796 583 2860; x_wconf 91' lang='lat' dir='ltr'><strong>in</strong></span> <span class='ocrx_word' id='word_1_207' title='bbox 604 2797 745 2862; x_wconf 87' lang='lat' dir='ltr'><strong>excelsis</strong></span> <span class='ocrx_word' id='word_1_208' title='bbox 765 2795 848 2866; x_wconf 81' lang='lat' dir='ltr'><strong>Deo.</strong></span> <span class='ocrx_word' id='word_1_209' title='bbox 890 2794 996 2879; x_wconf 85' lang='lat' dir='ltr'><strong>Super</strong></span> <span class='ocrx_word' id='word_1_210' title='bbox 1023 2795 1109 2858; x_wconf 77' lang='lat' dir='ltr'><strong>dune</strong></span> <span class='ocrx_word' id='word_1_211' title='bbox 1139 2791 1245 2856; x_wconf 87' lang='lat' dir='ltr'><strong>locum</strong></span> <span class='ocrx_word' id='word_1_212' title='bbox 1286 2815 1288 2824; x_wconf 94' lang='lat'>·</span> 
     </span>
     <span class='ocr_line' id='line_1_26' title="bbox 80 2891 1246 2984; baseline -0.002 -24"><span class='ocrx_word' id='word_1_213' title='bbox 80 2897 268 2962; x_wconf 79' lang='lat' dir='ltr'><strong>aedificavit</strong></span> <span class='ocrx_word' id='word_1_214' title='bbox 289 2895 324 2961; x_wconf 83' lang='lat' dir='ltr'><strong>S.</strong></span> <span class='ocrx_word' id='word_1_215' title='bbox 342 2897 579 2964; x_wconf 79' lang='lat' dir='ltr'><strong>Heiasailiam</strong></span> <span class='ocrx_word' id='word_1_216' title='bbox 605 2891 794 2984; x_wconf 87' lang='lat' dir='ltr'><strong>ecclesiam,</strong></span> <span class='ocrx_word' id='word_1_217' title='bbox 816 2909 849 2963; x_wconf 90' lang='lat' dir='ltr'><strong>et</strong></span> <span class='ocrx_word' id='word_1_218' title='bbox 870 2898 1098 2964; x_wconf 87' lang='lat' dir='ltr'><strong>monasterium</strong></span> <span class='ocrx_word' id='word_1_219' title='bbox 1120 2895 1246 2961; x_wconf 90' lang='lat' dir='ltr'><strong>monia-</strong></span> 
     </span>
     <span class='ocr_line' id='line_1_27' title="bbox 79 3001 1249 3090; baseline 0.003 -26"><span class='ocrx_word' id='word_1_220' title='bbox 79 3003 158 3065; x_wconf 91' lang='lat' dir='ltr'><strong>lium</strong></span> <span class='ocrx_word' id='word_1_221' title='bbox 176 3002 272 3084; x_wconf 78' lang='lat' dir='ltr'><strong>juxta</strong></span> <span class='ocrx_word' id='word_1_222' title='bbox 292 3015 374 3085; x_wconf 90' lang='lat' dir='ltr'><strong>eam,</strong></span> <span class='ocrx_word' id='word_1_223' title='bbox 396 3002 437 3066; x_wconf 91' lang='lat' dir='ltr'><strong>de</strong></span> <span class='ocrx_word' id='word_1_224' title='bbox 458 3023 522 3090; x_wconf 93' lang='lat' dir='ltr'><strong>qno</strong></span> <span class='ocrx_word' id='word_1_225' title='bbox 543 3006 640 3070; x_wconf 90' lang='lat' dir='ltr'><strong>etiam</strong></span> <span class='ocrx_word' id='word_1_226' title='bbox 662 3006 767 3072; x_wconf 91' lang='lat' dir='ltr'><strong>adhuc</strong></span> <span class='ocrx_word' id='word_1_227' title='bbox 788 3003 883 3072; x_wconf 88' lang='lat' dir='ltr'><strong>hodic</strong></span> <span class='ocrx_word' id='word_1_228' title='bbox 905 3005 939 3066; x_wconf 95' lang='lat' dir='ltr'><strong>in</strong></span> <span class='ocrx_word' id='word_1_229' title='bbox 956 3001 1057 3068; x_wconf 91' lang='lat' dir='ltr'><strong>ruinis</strong></span> <span class='ocrx_word' id='word_1_230' title='bbox 1091 3005 1249 3086; x_wconf 81' lang='lat' dir='ltr'><strong>apparent</strong></span> 
     </span>
     <span class='ocr_line' id='line_1_28' title="bbox 81 3105 1246 3192; baseline -0.001 -23"><span class='ocrx_word' id='word_1_231' title='bbox 81 3113 152 3171; x_wconf 89' lang='lat' dir='ltr'><strong>rota</strong></span> <span class='ocrx_word' id='word_1_232' title='bbox 178 3115 212 3168; x_wconf 86' lang='lat' dir='ltr'><strong>et</strong></span> <span class='ocrx_word' id='word_1_233' title='bbox 233 3106 406 3189; x_wconf 76' lang='lat' dir='ltr'><strong>locutoria,</strong></span> <span class='ocrx_word' id='word_1_234' title='bbox 439 3110 525 3174; x_wconf 88' lang='lat' dir='ltr'><strong>sicut</strong></span> <span class='ocrx_word' id='word_1_235' title='bbox 545 3111 703 3174; x_wconf 91' lang='lat' dir='ltr'><strong>moniales</strong></span> <span class='ocrx_word' id='word_1_236' title='bbox 723 3112 831 3175; x_wconf 89' lang='lat' dir='ltr'><strong>solent</strong></span> <span class='ocrx_word' id='word_1_237' title='bbox 851 3109 987 3192; x_wconf 86' lang='lat' dir='ltr'><strong>habere,</strong></span> <span class='ocrx_word' id='word_1_238' title='bbox 1017 3115 1050 3170; x_wconf 87' lang='lat' dir='ltr'><strong>at</strong></span> <span class='ocrx_word' id='word_1_239' title='bbox 1079 3105 1246 3170; x_wconf 89' lang='lat' dir='ltr'><strong>dicebatur</strong></span> 
     </span>
     <span class='ocr_line' id='line_1_29' title="bbox 81 3209 1246 3290; baseline -0.001 -18"><span class='ocrx_word' id='word_1_240' title='bbox 81 3212 310 3274; x_wconf 86' lang='lat' dir='ltr'><strong>monasterium</strong></span> <span class='ocrx_word' id='word_1_241' title='bbox 331 3213 375 3276; x_wconf 90' lang='lat' dir='ltr'><strong>ad</strong></span> <span class='ocrx_word' id='word_1_242' title='bbox 395 3212 541 3281; x_wconf 84' lang='lat' dir='ltr'><strong>Gloriam</strong></span> <span class='ocrx_word' id='word_1_243' title='bbox 561 3216 596 3278; x_wconf 92' lang='lat' dir='ltr'><strong>in</strong></span> <span class='ocrx_word' id='word_1_244' title='bbox 618 3216 766 3280; x_wconf 86' lang='lat' dir='ltr'><strong>excelsis.</strong></span> <span class='ocrx_word' id='word_1_245' title='bbox 816 3215 892 3278; x_wconf 86' lang='lat' dir='ltr'><strong>Fuit</strong></span> <span class='ocrx_word' id='word_1_246' title='bbox 913 3221 1019 3276; x_wconf 90' lang='lat' dir='ltr'><strong>autem</strong></span> <span class='ocrx_word' id='word_1_247' title='bbox 1047 3209 1130 3273; x_wconf 85' lang='lat' dir='ltr'><strong>satis</strong></span> <span class='ocrx_word' id='word_1_248' title='bbox 1153 3224 1246 3290; x_wconf 75' lang='lat' dir='ltr'><strong>maq-</strong></span> 
     </span>
     <span class='ocr_line' id='line_1_30' title="bbox 80 3309 1244 3401; baseline -0.005 -23"><span class='ocrx_word' id='word_1_249' title='bbox 80 3333 156 3378; x_wconf 90' lang='lat' dir='ltr'><strong>unm</strong></span> <span class='ocrx_word' id='word_1_250' title='bbox 175 3315 209 3378; x_wconf 89' lang='lat' dir='ltr'><strong>in</strong></span> <span class='ocrx_word' id='word_1_251' title='bbox 228 3316 496 3401; x_wconf 81' lang='lat' dir='ltr'><strong>circumferentia,</strong></span> <span class='ocrx_word' id='word_1_252' title='bbox 516 3320 602 3382; x_wconf 89' lang='lat' dir='ltr'><strong>siout</strong></span> <span class='ocrx_word' id='word_1_253' title='bbox 620 3319 716 3390; x_wconf 87' lang='lat' dir='ltr'><strong>hodic</strong></span> <span class='ocrx_word' id='word_1_254' title='bbox 729 3321 818 3382; x_wconf 88' lang='lat' dir='ltr'><strong>cerni</strong></span> <span class='ocrx_word' id='word_1_255' title='bbox 831 3322 952 3401; x_wconf 79' lang='lat' dir='ltr'><strong>potest,</strong></span> <span class='ocrx_word' id='word_1_256' title='bbox 973 3323 1006 3378; x_wconf 91' lang='lat' dir='ltr'><strong>et</strong></span> <span class='ocrx_word' id='word_1_257' title='bbox 1026 3311 1066 3376; x_wconf 85' lang='lat' dir='ltr'><strong>de</strong></span> <span class='ocrx_word' id='word_1_258' title='bbox 1084 3309 1244 3398; x_wconf 86' lang='lat' dir='ltr'><strong>lapidibus</strong></span> 
     </span>
     <span class='ocr_line' id='line_1_31' title="bbox 81 3415 1245 3506; baseline -0.008 -21"><span class='ocrx_word' id='word_1_259' title='bbox 81 3417 250 3502; x_wconf 84' lang='lat' dir='ltr'><strong>quadratis</strong></span> <span class='ocrx_word' id='word_1_260' title='bbox 279 3427 312 3480; x_wconf 90' lang='lat' dir='ltr'><strong>et</strong></span> <span class='ocrx_word' id='word_1_261' title='bbox 345 3421 446 3485; x_wconf 88' lang='lat' dir='ltr'><strong>sactis</strong></span> <span class='ocrx_word' id='word_1_262' title='bbox 477 3423 607 3484; x_wconf 83' lang='lat' dir='ltr'><strong>luerunt</strong></span> <span class='ocrx_word' id='word_1_263' title='bbox 638 3423 720 3485; x_wconf 89' lang='lat' dir='ltr'><strong>muri</strong></span> <span class='ocrx_word' id='word_1_264' title='bbox 755 3420 828 3503; x_wconf 88' lang='lat' dir='ltr'><strong>ejus</strong></span> <span class='ocrx_word' id='word_1_265' title='bbox 856 3440 914 3506; x_wconf 89' lang='lat' dir='ltr'><strong>per</strong></span> <span class='ocrx_word' id='word_1_266' title='bbox 945 3419 1129 3498; x_wconf 90' lang='lat' dir='ltr'><strong>circuitum,</strong></span> <span class='ocrx_word' id='word_1_267' title='bbox 1159 3415 1245 3479; x_wconf 89' lang='lat' dir='ltr'><strong>sient</strong></span> 
     </span>
     <span class='ocr_line' id='line_1_32' title="bbox 83 3511 1245 3610; baseline -0.005 -25"><span class='ocrx_word' id='word_1_268' title='bbox 83 3521 215 3586; x_wconf 89' lang='lat' dir='ltr'><strong>videtur</strong></span> <span class='ocrx_word' id='word_1_269' title='bbox 243 3522 276 3584; x_wconf 91' lang='lat' dir='ltr'><strong>in</strong></span> <span class='ocrx_word' id='word_1_270' title='bbox 320 3511 458 3582; x_wconf 88' lang='lat' dir='ltr'><strong>cumulis</strong></span> <span class='ocrx_word' id='word_1_271' title='bbox 486 3521 628 3607; x_wconf 91' lang='lat' dir='ltr'><strong>lapidum</strong></span> <span class='ocrx_word' id='word_1_272' title='bbox 657 3528 703 3590; x_wconf 84' lang='lat' dir='ltr'><strong>ilri</strong></span> <span class='ocrx_word' id='word_1_273' title='bbox 736 3526 933 3610; x_wconf 88' lang='lat' dir='ltr'><strong>jacentium,</strong></span> <span class='ocrx_word' id='word_1_274' title='bbox 969 3539 1051 3607; x_wconf 91' lang='lat' dir='ltr'><strong>quos</strong></span> <span class='ocrx_word' id='word_1_275' title='bbox 1072 3517 1245 3583; x_wconf 87' lang='lat' dir='ltr'><strong>Sarraceul</strong></span> 
     </span>
    </p>
   </div>
   <div class='ocr_carea' id='block_1_4' title="bbox 77 3612 1361 3718">
    <p class='ocr_par' dir='ltr' id='par_1_4' title="bbox 77 3612 1361 3718">
     <span class='ocr_line' id='line_1_33' title="bbox 77 3612 1361 3718; baseline -0.004 -28"><span class='ocrx_word' id='word_1_276' title='bbox 77 3625 448 3718; x_wconf 79' lang='lat' dir='ltr'><strong>nullatenuspossnnt,¹</strong></span> <span class='ocrx_word' id='word_1_277' title='bbox 462 3625 596 3695; x_wconf 84' lang='lat' dir='ltr'><strong>anferre.</strong></span> <span class='ocrx_word' id='word_1_278' title='bbox 647 3629 773 3704; x_wconf 85' lang='lat' dir='ltr'><strong>Dicitur</strong></span> <span class='ocrx_word' id='word_1_279' title='bbox 800 3627 885 3691; x_wconf 87' lang='lat' dir='ltr'><strong>euim</strong></span> <span class='ocrx_word' id='word_1_280' title='bbox 913 3648 971 3710; x_wconf 92' lang='lat' dir='ltr'><strong>pro</strong></span> <span class='ocrx_word' id='word_1_281' title='bbox 1004 3632 1112 3707; x_wconf 84' lang='lat' dir='ltr'><strong>certo,</strong></span> <span class='ocrx_word' id='word_1_282' title='bbox 1149 3622 1245 3708; x_wconf 86' lang='lat' dir='ltr'><strong>quod,</strong></span> <span class='ocrx_word' id='word_1_283' title='bbox 1358 3612 1361 3622; x_wconf 87' lang='grc'><strong>’</strong></span> 
     </span>
    </p>
   </div>
   <div class='ocr_carea' id='block_1_5' title="bbox 81 3728 1247 4232">
    <p class='ocr_par' dir='ltr' id='par_1_5' title="bbox 81 3728 1247 4232">
     <span class='ocr_line' id='line_1_34' title="bbox 81 3728 1246 3818; baseline -0.008 -19"><span class='ocrx_word' id='word_1_284' title='bbox 81 3729 210 3816; x_wconf 87' lang='lat' dir='ltr'><strong>qnando</strong></span> <span class='ocrx_word' id='word_1_285' title='bbox 223 3732 398 3796; x_wconf 81' lang='lat' dir='ltr'><strong>&#39;conantur</strong></span> <span class='ocrx_word' id='word_1_286' title='bbox 430 3728 564 3818; x_wconf 62' lang='lat' dir='ltr'><strong>aliquos,</strong></span> <span class='ocrx_word' id='word_1_287' title='bbox 588 3730 714 3814; x_wconf 86' lang='lat' dir='ltr'><strong>lapides</strong></span> <span class='ocrx_word' id='word_1_288' title='bbox 735 3741 923 3816; x_wconf 89' lang='lat' dir='ltr'><strong>asportare,</strong></span> <span class='ocrx_word' id='word_1_289' title='bbox 954 3742 1031 3796; x_wconf 92' lang='lat' dir='ltr'><strong>tunc</strong></span> <span class='ocrx_word' id='word_1_290' title='bbox 1052 3728 1177 3812; x_wconf 86' lang='lat' dir='ltr'><strong>lapidas</strong></span> <span class='ocrx_word' id='word_1_291' title='bbox 1200 3730 1246 3790; x_wconf 91' lang='lat' dir='ltr'><strong>ita</strong></span> 
     </span>
     <span class='ocr_line' id='line_1_35' title="bbox 81 3829 1244 3920; baseline -0.003 -22"><span class='ocrx_word' id='word_1_292' title='bbox 81 3845 291 3920; x_wconf 85' lang='lat' dir='ltr'><strong>gravescunt,</strong></span> <span class='ocrx_word' id='word_1_293' title='bbox 309 3829 394 3918; x_wconf 90' lang='lat' dir='ltr'><strong>quod</strong></span> <span class='ocrx_word' id='word_1_294' title='bbox 412 3833 499 3897; x_wconf 93' lang='lat' dir='ltr'><strong>nullo</strong></span> <span class='ocrx_word' id='word_1_295' title='bbox 513 3834 608 3899; x_wconf 90' lang='lat' dir='ltr'><strong>modo</strong></span> <span class='ocrx_word' id='word_1_296' title='bbox 619 3846 756 3918; x_wconf 88' lang='lat' dir='ltr'><strong>possunt</strong></span> <span class='ocrx_word' id='word_1_297' title='bbox 771 3853 829 3900; x_wconf 85' lang='lat' dir='ltr'><strong>eos</strong></span> <span class='ocrx_word' id='word_1_298' title='bbox 846 3837 1016 3918; x_wconf 84' lang='lat' dir='ltr'><strong>abducere,</strong></span> <span class='ocrx_word' id='word_1_299' title='bbox 1039 3852 1099 3898; x_wconf 90' lang='lat' dir='ltr'><strong>nec</strong></span> <span class='ocrx_word' id='word_1_300' title='bbox 1119 3833 1244 3912; x_wconf 86' lang='lat' dir='ltr'><strong>bestiis,</strong></span> 
     </span>
     <span class='ocr_line' id='line_1_36' title="bbox 82 3935 1245 4020; baseline -0.003 -19"><span class='ocrx_word' id='word_1_301' title='bbox 82 3957 143 4002; x_wconf 89' lang='lat' dir='ltr'><strong>uec</strong></span> <span class='ocrx_word' id='word_1_302' title='bbox 174 3939 323 4002; x_wconf 90' lang='lat' dir='ltr'><strong>humanis</strong></span> <span class='ocrx_word' id='word_1_303' title='bbox 351 3936 491 4000; x_wconf 84' lang='lat' dir='ltr'><strong>auxiliis.</strong></span> <span class='ocrx_word' id='word_1_304' title='bbox 542 3937 636 4002; x_wconf 89' lang='lat' dir='ltr'><strong>Unde</strong></span> <span class='ocrx_word' id='word_1_305' title='bbox 666 3941 700 4002; x_wconf 93' lang='lat' dir='ltr'><strong>iu</strong></span> <span class='ocrx_word' id='word_1_306' title='bbox 733 3939 820 4008; x_wconf 92' lang='lat' dir='ltr'><strong>clivo</strong></span> <span class='ocrx_word' id='word_1_307' title='bbox 852 3942 970 4005; x_wconf 89' lang='lat' dir='ltr'><strong>montis</strong></span> <span class='ocrx_word' id='word_1_308' title='bbox 995 3939 1107 4020; x_wconf 87' lang='lat' dir='ltr'><strong>jacent</strong></span> <span class='ocrx_word' id='word_1_309' title='bbox 1146 3935 1245 4019; x_wconf 90' lang='lat' dir='ltr'><strong>aliqui</strong></span> 
     </span>
     <span class='ocr_line' id='line_1_37' title="bbox 81 4038 1245 4127; baseline 0.003 -24"><span class='ocrx_word' id='word_1_310' title='bbox 81 4038 222 4126; x_wconf 71' lang='lat' dir='ltr'><strong>lapides,</strong></span> <span class='ocrx_word' id='word_1_311' title='bbox 244 4059 328 4124; x_wconf 94' lang='lat' dir='ltr'><strong>quos</strong></span> <span class='ocrx_word' id='word_1_312' title='bbox 348 4060 407 4123; x_wconf 90' lang='lat' dir='ltr'><strong>per</strong></span> <span class='ocrx_word' id='word_1_313' title='bbox 424 4041 554 4126; x_wconf 85' lang='lat' dir='ltr'><strong>aliquod</strong></span> <span class='ocrx_word' id='word_1_314' title='bbox 576 4045 715 4124; x_wconf 89' lang='lat' dir='ltr'><strong>spatium</strong></span> <span class='ocrx_word' id='word_1_315' title='bbox 738 4052 1004 4127; x_wconf 86' lang='lat' dir='ltr'><strong>asportaverunt,</strong></span> <span class='ocrx_word' id='word_1_316' title='bbox 1033 4041 1093 4106; x_wconf 90' lang='lat' dir='ltr'><strong>sed</strong></span> <span class='ocrx_word' id='word_1_317' title='bbox 1116 4039 1245 4106; x_wconf 79' lang='lat' dir='ltr'><strong>tandem</strong></span> 
     </span>
     <span class='ocr_line' id='line_1_38' title="bbox 83 4129 1247 4232; baseline -0.001 -24"><span class='ocrx_word' id='word_1_318' title='bbox 83 4147 187 4210; x_wconf 89' lang='lat' dir='ltr'><strong>coacti</strong></span> <span class='ocrx_word' id='word_1_319' title='bbox 207 4149 368 4230; x_wconf 82' lang='lat' dir='ltr'><strong>gravitate</strong></span> <span class='ocrx_word' id='word_1_320' title='bbox 385 4146 419 4210; x_wconf 91' lang='lat' dir='ltr'><strong>in</strong></span> <span class='ocrx_word' id='word_1_321' title='bbox 444 4148 500 4229; x_wconf 70' lang='lat' dir='ltr'><strong>via</strong></span> <span class='ocrx_word' id='word_1_322' title='bbox 518 4145 717 4232; x_wconf 67' lang='lat' dir='ltr'><strong>duniserunt,</strong></span> <span class='ocrx_word' id='word_1_323' title='bbox 762 4149 855 4214; x_wconf 89' lang='lat' dir='ltr'><strong>Unde</strong></span> <span class='ocrx_word' id='word_1_324' title='bbox 875 4149 954 4213; x_wconf 92' lang='lat' dir='ltr'><strong>nulii</strong></span> <span class='ocrx_word' id='word_1_325' title='bbox 984 4148 1027 4212; x_wconf 81' lang='lat' dir='ltr'><strong>ait</strong></span> <span class='ocrx_word' id='word_1_326' title='bbox 1045 4129 1189 4227; x_wconf 86' lang='lat' dir='ltr'><strong>dubium,</strong></span> <span class='ocrx_word' id='word_1_327' title='bbox 1216 4145 1247 4208; x_wconf 87' lang='lat' dir='ltr'><strong>si</strong></span> 
     </span>
    </p>
   </div>
   <div class='ocr_carea' id='block_1_6' title="bbox 0 0 1400 4778">
    <p class='ocr_par' dir='ltr' id='par_1_6' title="bbox 0 0 1400 4778">
     <span class='ocr_line' id='line_1_39' title="bbox 0 0 1400 4778; baseline 0 0"><span class='ocrx_word' id='word_1_328' title='bbox 0 0 1400 4778; x_wconf 95' lang='lat' dir='ltr'><strong> </strong></span> 
     </span>
    </p>
   </div>
  </div>
 </body>
</html>
