2596 4788
13 357 93 418 lsi
122 356 174 420 de
195 355 392 434 Jerusalem,
413 353 473 418 seul
494 359 619 420 tantum
639 352 743 437 latini,
761 369 836 420 oum
856 355 975 438 ortibus
993 357 1150 440 motator
1184 435 1189 442 Ι

13 483 76 524 rm
87 506 103 545 ,
147 471 187 524 et
207 479 274 536 noa
296 461 352 524 elii
373 459 562 526 orientales.
603 457 760 542 Expulsis
781 468 889 526 autom
910 459 1018 526 latinis
1040 462 1150 526 orien-
1184 450 1189 461 ’

13 587 17 626 ι
72 565 319 630 confoederati
347 574 381 630 et
398 563 499 646 jurati
520 562 663 628 soldano
684 565 889 648 sepulehrom
910 565 1041 630 Domini
1068 586 1150 650 pos·

14 677 144 753 runt,
177 679 214 734 ut
237 670 372 751 patebit.
412 670 501 752 lmo,
529 686 595 732 aee
620 687 735 732 omnes
760 669 854 734 latini
882 671 924 734 ab
944 670 1148 737 Hierusalem

13 782 222 855 ravennat,
245 774 306 836 sed
332 774 444 856 plores
462 781 668 856 mmmmt,
687 773 867 856 jungentes
884 793 925 838 se
945 775 1148 862 Sarraoerus,

13 899 21 940 ι
47 879 170 961 Papa
193 879 493 942 excommunicavit.
537 877 694 960 Legimus
715 879 828 962 etiam,
848 879 936 964 quod
964 879 1142 946 Christiani

13 988 19 1046 i
47 1003 76 1046 a
102 983 320 1068 Sarrooenis,
341 993 519 1068 antequam
538 981 579 1046 de
598 981 782 1048 Jerusalem
804 983 1044 1070 egreiemntur,
1065 1003 1147 1052 oon-

13 1098 127 1154 srant
153 1107 232 1153 enm
250 1089 310 1173 iis,
341 1097 379 1154 nt
398 1087 587 1172 peregrinos
615 1086 825 1154 advenientes
847 1088 890 1154 (1(
907 1091 1018 1158 latiaris
1041 1092 1147 1160 intro·

13 1202 147 1258 erent.
174 1195 213 1260 ln
234 1189 323 1278 quod
337 1193 550 1258 libentissime
570 1201 815 1259 consenserunt.
837 1193 971 1262 ntideo
983 1194 1148 1264 &manu

13 1309 163 1364 suetam
191 1297 455 1382 eleemosynam,
486 1317 583 1380 qaam
611 1317 671 1364 rex
697 1299 882 1366 Jerusalem
910 1319 969 1383 per
997 1301 1149 1384 mgulos

13 1447 16 1463 ,
42 1406 146 1468 dare
167 1403 297 1472 solebat
317 1404 517 1486 peregrinio,
537 1406 573 1466 in
592 1404 749 1486 hospitali
761 1407 867 1472 emoti
885 1405 1048 1472 selmum
1071 1405 1145 1471 eai-

13 1521 126 1594 rtesp
140 1507 296 1573 solvebat
316 1527 355 1571 eo
376 1507 488 1592 modo,
513 1527 578 1592 qno
598 1527 664 1589 rex,
684 1510 869 1576 Jerusalem
889 1511 1023 1576 looerat.
1066 1509 1145 1574 Ideo

13 1617 32 1678 n
57 1625 125 1685 est
149 1613 195 1681 de
217 1616 437 1702 asportatione
454 1612 568 1679 Sancti
589 1614 762 1698 sepulohri.
806 1615 928 1682 Verum
950 1622 1145 1699 maranen,

13 1721 42 1784 (1
82 1721 254 1802 legimns,
289 1718 443 1802 templum
475 1721 583 1782 saneti
620 1719 784 1802 sepulchri
822 1721 926 1788 inisse
970 1721 1144 1806 aliquando

13 1825 190 1906 sipatum,
217 1832 252 1884 et
282 1824 379 1886 etiam
401 1824 507 1906 ipsum
539 1833 689 1890 sanctum
715 1824 940 1909 sepulchrum,
972 1845 1146 1912 numquam

13 1947 78 1990 ren
93 1935 221 1992 extoto
235 1927 296 1990 fuit
327 1937 462 1994 erutum.
485 1928 594 2012 Hujus
611 1931 659 1994 rei
670 1929 902 2012 experientiam
913 1929 1009 1994 talem
1024 1934 1146 2014 aooepi·

13 2035 98 2118 oepi
133 2031 303 2094 ¹eatrrolelom
326 2051 497 2096 accensam
530 2035 564 2098 in
587 2035 729 2098 ecelesia
750 2036 857 2098 saneti
879 2035 1053 2119 sepulchri,
1072 2035 1148 2100 dum

20 2157 67 2200 ea
91 2137 278 2222 vigilarem,
293 2143 326 2198 et
347 2137 389 2199 ad
410 2137 601 2202 dominicum
620 2147 859 2202 monumentum
878 2141 1017 2223 aooesasi,
1038 2142 1149 2206 ourio-

14 2245 106 2306 simo
128 2250 355 2326 perscrutans,
384 2261 427 2306 an
448 2241 569 2328 aliquid
596 2263 661 2308 non
685 2263 844 2312 marmore
865 2253 986 2310 tentum
1015 2263 1149 2328 possem

13 2349 107 2432 lero,
140 2357 175 2410 et
206 2351 248 2438 ab·
288 2357 382 2411 extra
414 2367 473 2430 per
504 2349 672 2412 oirouitum
707 2357 810 2412 totum
846 2351 957 2414 inveni
988 2368 1148 2414 mumore

13 2460 108 2517 otum.
164 2456 338 2538 Ingressus
370 2472 429 2536 per
466 2454 602 2536 primum
638 2454 754 2518 ostium
794 2457 963 2520 anterioris
1001 2455 1147 2538 capellae

13 2561 120 2622 ‚rietes
142 2560 310 2642 utriusque
331 2558 442 2621 leteris
463 2577 621 2622 marmore
642 2560 783 2622 vestitas
808 2559 937 2642 noveni,
957 2560 1017 2624 sod
1035 2563 1147 2644 parie-

13 2687 41 2731 m
64 2673 143 2728 ante
164 2665 281 2728 faeiem
302 2681 424 2746 meam,
455 2664 510 2746 qui
532 2661 647 2726 dividit
668 2663 858 2746 speluncam
889 2670 1082 2728 anteriorem
1106 2665 1147 2728 ab

13 2774 152 2854 teriora,
172 2771 206 2835 in
226 2787 291 2852 quo
313 2778 364 2832 est
385 2768 534 2830 ostiolum
555 2767 597 2830 ((1
618 2767 813 2832 dominicum
834 2769 1062 2854 sepulchrum,
1083 2788 1148 2832 nu-

13 2895 59 2940 (ιιι
76 2876 204 2956 hireni,
236 2883 269 2936 et
289 2873 430 2938 adhibito
452 2873 572 2936 lumine
593 2882 757 2957 petraeam
779 2875 936 2958 parietem
965 2875 1050 2958 vidi,
1082 2893 1147 2938 non

13 2981 117 3044 uadum
149 2978 373 3062 compositam,
405 2977 466 3043 sed
496 2979 671 3062 mtegram,
703 2979 738 3042 in
771 2997 836 3062 qua
862 2980 1148 3044 instrumentorum

13 3103 159 3150 orreorum
179 3083 274 3166 signa
294 3084 466 3148 manifesto
483 3091 649 3167 apparent.
684 3085 901 3167 insuperiori
922 3091 1149 3168 tamenparte
1209 3123 1217 3134 ·

13 3191 113 3256 idetur
132 3198 265 3274 ruptura
279 3189 399 3271 fuisse,
433 3205 516 3272 quae
537 3187 644 3273 lapide
664 3198 697 3252 et
728 3199 895 3254 enemente
915 3197 970 3254 est
991 3189 1149 3252 resarcita

13 3301 43 3362 lx
63 3297 171 3382 quibus
191 3295 362 3360 videbatur
383 3293 471 3376 mihi,
483 3293 569 3378 quod
589 3295 784 3358 dominicum
801 3295 1007 3378 sepulchrum
1030 3293 1148 3359 furser

13 3401 155 3485 liquando
176 3400 394 3484 destruetum,
421 3397 482 3462 sed
505 3417 680 3482 numquam
701 3419 744 3464 ex
774 3407 842 3464 toto
864 3406 1008 3481 erutum,
1031 3406 1063 3462 et
1080 3395 1148 3478 jen

13 3515 62 3572 tat
96 3513 288 3589 reparatum,
322 3504 467 3568 etaient
496 3502 595 3567 hodie
625 3509 708 3587 stat,
747 3505 796 3568 ita
825 3505 918 3568 stetit
944 3502 1019 3584 plus
1051 3520 1149 3587 quam

13 3612 144 3676 luoentos
170 3627 292 3693 annos,
324 3610 389 3673 nisi
409 3611 474 3674 iam
494 3617 546 3672 est
577 3605 763 3691 diligentias
794 3627 954 3674 marmore
981 3609 1148 3691 vestitum,

13 3737 45 3778 ne
72 3717 219 3798 peregrini
246 3714 287 3777 de
318 3715 495 3798 parietibus
525 3713 657 3797 lapillos
687 3723 800 3778 eruant
831 3733 890 3798 pro
921 3712 1082 3796 reliquiis,
1114 3718 1149 3776 et

13 3828 123 3905 propter
145 3817 276 3884 eandem
296 3837 427 3886 oausam
448 3818 522 3902 (lt)
545 3819 815 3902 depositarum
838 3827 953 3884 saneto
977 3817 1149 3902 sepulohro

13 3927 189 3990 tabularum
210 3925 317 3990 ariam
334 3926 564 4007 loramnnbus,
585 3925 627 3990 ‹le
653 3943 722 4008 nuo
754 3943 854 4009 supra
883 3924 1038 4004 habetur,
1073 3922 1149 4006 quia

15 4029 322 4116 peregriniioramina
340 4048 424 4094 rorum
444 4030 668 4100 monumentis
690 4030 805 4096 ferreis
826 4029 975 4096 forebant
996 4027 1038 4090 ((1
1058 4026 1150 4088 eooi-

14 4136 141 4224 pienlum
169 4135 298 4220 aliquid.
341 4133 503 4213 numm
535 4135 700 4220 peregrini
730 4153 859 4220 semper
889 4133 998 4198 eonati
1029 4129 1149 4194 fuerint

17 4241 326 4328 reciperepartienlao
347 4241 391 4306 (le
412 4249 524 4307 saneto
544 4239 735 4331 sepulehro‚
756 4255 932 4326 numquam
952 4245 1060 4302 tamen
1088 4227 1150 4296 ad-
