2644 4786
649 207 655 214 ι
714 115 777 178 tto

163 309 297 386 possent
318 299 594 380 asportari,·unte
610 305 740 360 eentum
762 313 866 360 anuos
889 295 1033 358 luissent
1053 290 1193 374 deportrti
1218 289 1252 350 lo-

165 421 224 468 cns
244 403 299 468 ille
322 402 364 464 ab
385 401 518 484 antiquo
550 402 611 464 luit
632 403 755 483 primus
776 410 891 464 sancta
921 398 1147 462 inhabitatione
1163 393 1256 455 solui

164 515 267 572 setus.
310 505 397 567 Nam
418 503 524 568 Jacob
545 507 729 588 patriarche
748 506 802 567 hic
828 504 1003 586 habitavit,
1036 502 1125 584 quie,
1151 508 1181 561 ιι
1194 496 1259 558 deu

165 611 287 677 Geues.
309 609 373 692 85,
395 608 524 692 qumodo
545 609 703 692 sepelivit
726 626 858 672 uxorem
888 627 981 672 sunm
1003 604 1128 670 Rachel
1143 604 1171 664 iu
1188 601 1262 680 rien

164 716 284 780 dictum
307 721 359 776 est
376 711 430 774 fol.
454 711 516 775 tto
535 703 589 797 A,
621 713 698 775 obiit
720 713 810 795 iude,
833 721 867 774 et
886 713 959 779 fixit
977 707 1263 779 tetemurtmmn

165 819 285 886 turrim
299 816 398 898 Adur,
419 817 440 878 i.
454 835 482 877 e.
504 818 624 900 gregis.
648 818 711 881 Ubi
720 814 919 900 deroroymus
940 817 1038 898 dicit,
1061 812 1143 898 quod
1159 805 1265 872 luculli

165 934 217 988 est
237 941 338 1005 prope
358 919 567 1004 Bethlehem,
586 921 620 982 in
641 921 730 1004 loeo,
751 924 786 982 in
805 941 868 1006 quo
889 939 971 1003 grex
990 920 1147 983 eoelestis
1163 913 1267 976 Glotit'tt

165 1027 307 1092 excelsis
325 1025 453 1108 cecinit,
467 1033 503 1087 ut
520 1025 680 1107 Magister
702 1029 737 1092 in
754 1027 854 1109 Spee.
873 1027 985 1088 histor.
1005 1023 1107 1105 juxte
1123 1023 1196 1084 hune
1208 1016 1268 1078 locu

165 1133 295 1216 alleget.
336 1129 375 1192 lu
395 1128 552 1192 hoc-loeo
581 1128 714 1214 nonen,
747 1130 980 1213 primogenitus
1000 1127 1129 1206 Jacob,
1158 1117 1271 1185 euultl

165 1255 266 1302 uxore
288 1234 389 1318 putris
414 1233 467 1298 sui
488 1231 655 1316 dormivit,
675 1244 709 1297 et
730 1242 866 1300 stratum
886 1231 959 1314 ejus
977 1229 1166 1294 macedonii.
1189 1219 1270 1288 trit

166 1340 425 1405 maledictionem
449 1345 615 1420 paternam
636 1339 789 1408 incurrit.

252 1442 396 1522 Campus
414 1439 471 1504 ille
490 1442 766 1525 estugerlluss,
788 1443 909 1526 inquo
933 1439 1046 1523 Ruth,
1068 1365 1281 1512 nummoli

166 1548 273 1630 ligeus
290 1547 403 1628 spiens
416 1549 605 1608 metentium
624 1547 814 1627 fugientium
838 1474 1281 1646 [rumm·1psrm·}mutnl

164 1669 225 1713 suu
245 1652 365 1712 virtute
398 1649 643 1713 dominumv
600 1647 643 1732 a'g
644 1651 670 1711 ri
690 1651 733 1712 orl
754 1665 802 1712 se
807 1651 991 1724 inelinavit,
1006 1665 1150 1730 eumque
1168 1646 1197 1706 in
1210 1595 1281 1699 mur}

164 1753 304 1818 monium
326 1754 482 1836 suscepit,
496 1755 559 1816 et
548 1773 583 1816 ιιι
604 1754 666 1816 hue
688 1771 768 1837 egro
787 1757 902 1817 meruit
923 1753 1011 1816 effici
1031 1761 1140 1816 mater
1153 1749 1188 1810 in
1202 1755 1281 1826 get*

164 1859 251 1942 logie
273 1855 411 1942 Christi,
433 1865 469 1920 ut
493 1865 584 1940 putet
601 1857 690 1922 Ruth
711 1877 770 1944 per
790 1867 908 1941 totum,
930 1865 966 1924 et
985 1857 1108 1922 ttotrh
1133 1856 1162 1922 l.
1186 1843 1281 1921 lnne‘t

165 1965 252 2029 illius
274 1965 379 2043 campi
401 1963 610 2044 punitllevid
631 1982 713 2027 oves
735 1967 837 2047 petris
858 1965 920 2047 sui,
941 1964 1054 2046 ibique
1073 1961 1196 2022 leonem
1213 1958 1281 2013 count

164 2085 204 2130 se
224 2067 402 2132 vinientem
425 2065 563 2149 dirupit,
586 2076 620 2129 et
641 2085 750 2130 ursum
772 2068 1019 2151 strangulavit.
1037 2066 1094 2127 lle
1115 2065 1176 2128 troc
1192 2049 1281 2142 moon

164 2171 341 2234 bestiarum
368 2169 508 2252 jactavit
533 2187 571 2232 se
592 2169 700 2234 David
731 2190 841 2234 corum
867 2186 946 2253 rege
975 2169 1098 2251 Saule,
1130 2175 1165 2229 et
1191 2149 1281 2226 minttl

163 2277 290 2360 accepit
323 2274 419 2338 etium
447 2274 658 2357 aggrediendi
684 2278 858 2359 gigarrtem
887 2275 1016 2339 Goliam
1035 2273 1281 2338 Philistseurr
1261 2277 1281 2316 t

164 2380 351 2444 hebeturl.
375 2378 458 2460 Reg
482 2377 532 2444 17.
576 2380 617 2441 Et
639 2380 793 2442 credibile
813 2390 881 2464 est,
908 2377 995 2462 quod
1015 2377 1130 2459 plures
1158 2375 1281 2473 leouctt

165 2504 261 2548 ursos
289 2483 494 2546 irrterlecit'
484 2501 518 2545 ru
540 2483 602 2546 hoc
628 2483 717 2567 loeo,
749 2487 825 2568 quie
857 2485 974 2548 dicitnr
994 2483 1101 2546 Sine.
1132 2477 1188 2543 47.
1216 2436 1281 2573 urit}

165 2607 239 2652 cum
260 2588 409 2650 leonibus
429 2587 506 2650 lusit
526 2588 621 2669 quusi
653 2603 726 2650 eum
747 2590 851 2687 ugrris,
866 2591 932 2652 et
922 2607 956 2653 ιιι
977 2590 1065 2652 ursis
1086 2530 1281 2650 similiterlossl

167 2684 252 2755 sicut
274 2693 368 2774 aguis
387 2693 506 2754 ovium

248 2793 403 2858 Extendit
438 2795 584 2860 enimse
613 2795 709 2858 vellis
735 2797 792 2861 illa
814 2807 928 2861 contre
958 2798 1133 2879 orientem,
1165 2799 1280 2874 nsqttl

165 2899 339 2962 Sodomam
360 2906 393 2960 et
414 2915 503 2962 mure
523 2906 698 2983 mortuum,
721 2896 816 2984 juxte
836 2903 921 2986 quod
940 2911 1072 2986 propter
1087 2917 1191 2986 eques
1206 2873 1281 2990 Jttlil

166 3003 217 3064 nis
238 3001 359 3072 multoe
389 3003 479 3065 ferae
500 3003 701 3067 diuersurum
728 3005 910 3088 specierum
929 3015 1089 3084 ¹,coierunt
1121 3015 1157 3068 et
1182 2997 1280 3065 nette·

164 3123 222 3188 pro
244 3103 364 3187 proedo
385 3125 443 3188 per
463 3107 568 3203 palles
588 3106 629 3170 ed
649 3122 785 3190 gregum
806 3110 972 3173 custodies
993 3108 1184 3189 escendunt,
1202 3113 1227 3166 et
1241 3115 1276 3158 tlt

166 3210 262 3276 melio
283 3209 461 3274 domestice
481 3212 624 3294 rapiunt,
640 3213 683 3274 si
704 3221 852 3294 possunt,
886 3213 964 3277 Ideo
990 3213 1098 3277 llsvid
1119 3211 1198 3296 vigil
1214 3212 1281 3290 petet

164 3315 415 3382 escendentibus
435 3315 550 3378 bestiis
572 3319 712 3378 occurrit
732 3325 766 3378 et
786 3315 914 3384 oceidit.
958 3315 1016 3380 Sic
1036 3319 1071 3382 iu
1098 3316 1173 3399 (B)
1193 3315 1251 3377 horr
1263 3299 1281 3383 t}

164 3429 262 3485 nocte
280 3421 462 3483 nativitatis
483 3426 576 3484 erunt
597 3422 631 3484 iu
653 3421 740 3484 velle
760 3431 924 3504 pastores,
949 3421 1173 3492 custodientes
1198 3409 1274 3495 egl*

164 3533 261 3588 noete
284 3540 383 3606 super
409 3531 543 3606 gregem
564 3541 666 3588 suem.
706 3523 810 3589 Porro
837 3528 925 3590 eirco
945 3527 1007 3590 hoc
1030 3527 1114 3588 solet
1136 3523 1202 3588 tleri
1219 3529 1276 3601 ιιιιι

164 3627 244 3688 stio:
278 3625 438 3710 quomodo
470 3634 620 3708 pastores
642 3636 824 3710 potuerunt
843 3629 1016 3694 custodire
1052 3629 1183 3711 vigilias
1208 3618 1281 3686 ttttl't¹

164 3745 237 3790 cum
257 3738 347 3791 esset
369 3730 485 3813 hiems,
501 3738 535 3792 et
552 3739 638 3795 terre
658 3732 734 3813 gelu
750 3736 935 3816 constucta,
952 3743 985 3796 et
1006 3733 1138 3797 uivo'bus
1153 3720 1274 3812 erotottetl⁸¹

163 3829 217 3892 Art
238 3828 315 3892 hoo
321 3831 433 3894 dieunt
451 3833 641 3917 orientales,
671 3835 757 3917 quod
778 3845 926 3918 pastores
947 3837 998 3900 bis
1018 3839 1064 3904 in.
1075 3855 1179 3920 euno,
1200 3829 1281 3898 scili&

162 3930 287 3990 vernuli
309 3939 343 3990 et
361 3932 491 3994 hiemali
519 3943 663 4016 tempore
690 3937 823 4019 vigilius
854 3957 953 4022 super
979 3957 1100 4030 greges
1127 3933 1281 4004 msrotiru

163 4027 288 4087 Nom
278 4044 312 4084 m
345 4030 489 4104 pertibus
520 4034 655 4096 orientis
696 4043 808 4104 uestes
838 4050 872 4104 et
902 4043 1006 4106 liems
1036 4059 1104 4106 uon
1132 4056 1237 4126 genere
1238 4035 1272 4096 titt

58 4179 67 4191 ,
163 4128 262 4183 totam
291 4131 409 4183 terrem
452 4128 636 4214 immutent,
679 4138 766 4200 sicut
801 4143 849 4221 iu
874 4143 1020 4227 portibus
1062 4141 1272 4210 muminito
