2644 4786
766 126 831 192 412

214 318 319 376 terroe
338 317 474 374 emmae
493 307 634 392 sigonis
654 305 875 392 indulgentias
889 307 979 390 (††)
1000 307 1181 392 plenariae
1201 306 1295 368 renim

213 412 404 497 oeoepimm'
417 431 492 478 eum
513 413 699 478 devotione.
737 414 776 475 ln
797 411 937 498 quodam
957 409 1183 496 peregrinali
1199 409 1301 474 libdlol

213 519 298 602 quod
320 519 375 582 bio
394 518 490 582 loeus
511 515 674 602 quondam
695 519 756 583 init
777 515 875 582 datus
896 517 1070 582 iratribus
1082 514 1305 579 Ordinisl’noll

213 621 337 707 torum,
370 625 426 707 qul
454 625 500 686 ibi
530 622 704 688 eoolesiam
722 623 760 685 'et
791 622 967 686 claustrum
1009 621 1198 701 fecerunt,
1225 629 1251 682 et
1270 631 1310 702 par

213 727 371 792 meantes
392 737 485 792 antro
505 727 716 810 profundiora
736 727 896 810 iecerunt,
918 734 952 789 et
973 725 1027 790 ad
1055 736 1197 808 ternpus
1215 725 1252 787 ibi
1266 724 1312 785 loli

211 843 341 897 verunt.
393 831 538 896 'landem
569 842 702 916 propter
733 832 911 896 infidelium
951 831 1120 896 insultus
1161 837 1195 892 ot
1223 829 1318 910 ireque

211 937 481 1022 depraedationes
508 948 543 1002 et
560 940 752 1003 invasiones
771 935 849 1002 iudo
869 939 1042 1020 emigrare
1068 945 1109 1000 et
1133 935 1238 998 loeun
1256 931 1320 992 lau

213 1043 370 1126 eompulsi
393 1052 485 1124 sunt,
506 1044 610 1106 etita
631 1045 775 1107 ecelesia
807 1054 842 1107 et
862 1043 1018 1108 ollioiuue
1062 1050 1105 1104 et
1140 1039 1248 1104 omnio

212 1151 247 1212 iu
267 1148 400 1212 nibilbm
423 1147 565 1211 redaota.
608 1150 708 1212 Hune
727 1149 835 1212 loourn
854 1158 931 1231 post
950 1147 1224 1231 peregrinorum
1262 1162 1315 1191 ‘vs

213 1255 357 1318 erebrius
379 1252 456 1335 adii,
477 1259 512 1313 et
531 1251 628 1315 boras
650 1271 742 1316 mena
763 1255 798 1314 in
824 1271 865 1316 eo
886 1254 967 1337 legi,
990 1262 1105 1316 antra
1127 1251 1205 1312 eins
1226 1245 1319 1319 dd‘sn

212 1357 364 1441 lustravi,
400 1366 434 1420 et
450 1372 703 1442 *nonnumquam
740 1357 914 1421 videbatur
938 1359 1042 1442 mibi,
1089 1353 1191 1440 quod
1220 1353 1278 1414 int

213 1464 387 1526 conventui
408 1462 562 1544 fratrum,
595 1471 629 1525 et
653 1481 696 1524 ex
717 1461 817 1524 eorde
841 1463 993 1529 laetabar.
1038 1461 1127 1527 Sed
1155 1459 1233 1522 don
1250 1473 1288 1515 ns
1304 1480 1315 1501 ἰ

211 1569 296 1632 verti
328 1567 369 1630 ad
400 1566 618 1632 miserabilem
651 1566 715 1630 looi
753 1546 1003 1650 desolationem,
1044 1572 1213 1630 moestus
1238 1555 1304 1622 sede

212 1673 385 1753 Congruus
406 1678 514 1733 antem
535 1669 632 1734 valde
651 1679 734 1761 orat*
749 1672 803 1734 bin
827 1672 920 1736 loeus
940 1693 999 1756 pro
1030 1663 1320 1736 frutribus

214 1778 355 1860 toribus,
377 1784 410 1838 et
441 1774 539 1838 hodie
572 1775 664 1838 loeus
697 1777 885 1858 aptissimus
916 1787 1022 1861 osset„
1059 1780 1253 1840 sicaetera

214 1883 323 1968 paria,
359 1883 452 1944 utin
482 1899 522 1942 eo
553 1880 735 1944 habitarent
765 1883 918 1968 ἕιιιιιιιε,1
933 1892 1067 1966 propter
1101 1881 1221 1966 plures
1270 1890 1312 1919 ³²³0

214 1992 241 2056 l.
263 1990 399 2071 Propter
413 1986 511 2049 illurn
538 1985 691 2049 eximium
711 1986 981 2072 praedicatorem,
1003 1989 1057 2052 oui
1079 1987 1149 2050 ille
1173 1987 1316 2065 specuscd

214 2095 320 2158 lentus
341 2100 409 2173 est,
430 2091 464 2155 b.
477 2109 513 2155 ae.
536 2099 667 2174 propter
686 2099 837 2155 sarnetum
858 2087 1018 2159 Jaooburn
1038 2088 1257 2178 Apostolum,
1272 2077 1320 2160 llil

215 2206 292 2262 notu
309 2195 561 2280 praedieationis
582 2196 728 2259 existens
746 2205 780 2258 et
808 2199 979 2261 veritatem
1008 2199 1213 2280 praedicans
1241 2185 1314 2247 Μ

215 2304 307 2368 oollis
341 2303 402 2367 fuit
432 2301 682 2385 praeeipitatus,
708 2309 742 2364 et
770 2301 909 2366 oloudus
942 2303 1058 2366 iaetus.
1106 2299 1182 2365 Sed
1209 2287 1318 2358 neoris

215 2408 455 2494 praedieatione
486 2405 648 2488 cessavit,
681 2406 784 2470 donee
816 2407 858 2470 de
878 2407 989 2490 templi
1016 2405 1197 2490 pinnaculo
1221 2393 1314 2481 projecti

217 2515 310 2597 obiit,
345 2523 378 2576 et
399 2507 449 2574 de'
473 2510 658 2574 Jerusalem
687 2511 752 2574 buo
779 2522 925 2594 portatus
947 2521 981 2576 et
1000 2514 1156 2595 sepultus
1190 2507 1253 2570 fuit·
1283 2491 1316 2568 ου

215 2627 323 2684 eutem
343 2615 549 2700 sepulchrum
568 2624 634 2677 tam
661 2620 850 2680 constantis·
863 2617 1098 2700 praedicatorio
1108 2617 1176 2682 liei
1194 2599 1313 2695 possiltt

216 2725 280 2788 nisi
302 2725 437 2805 iratres,
460 2738 594 2803 quorum
613 2721 740 2782 initium
748 2765 759 2802 ,
782 2721 941 2805 medium,
969 2732 1004 2786 et
1024 2721 1101 2786 linis
1131 2732 1168 2786 et
1197 2711 1316 2780 nonus

215 2823 426 2911 praedicare?
449 2824 499 2888 0b
519 2826 581 2890 hoo
599 2825 635 2888 iu
656 2827 760 2890 nostri
772 2823 904 2890 Ordinis
922 2827 1011 2890 initio
1033 2827 1154 2892 tradita
1171 2809 1313 2888 iuitwtllll

216 2932 252 2994 S.
272 2931 389 2994 Jaoobi
413 2931 589 3012 Parisinis,
622 2933 677 2992 ubi
707 2949 813 3014 usque
835 2932 931 2995 bodie
952 2933 1165 3016 insigniorem
1188 2923 1315 2993 oonvtlll’

215 3037 372 3100 babemus
393 3044 609 3100 trecentorum
640 3038 775 3100 fratrum
802 3043 836 3097 et
856 3036 999 3102 studium
1033 3056 1206 3122 magnum,
1235 3017 1312 3091 illm

215 3140 280 3204 illis
298 3139 381 3203 loois
402 3141 609 3204 nominantur
629 3142 747 3205 fratres
766 3139 1024 3226 praedicatores,
1057 3144 1178 3207 iratres
1198 3137 1231 3203 S.
1247 3119 1311 3196 llll*

287 3247 328 3310 11.
351 3242 461 3322 Quare
484 3245 538 3307 hio
562 3244 654 3308 loons
676 3247 828 3308 fratribus
849 3245 1127 3328 praedieatoribus
1149 3238 1312 3328 congruit*

217 3354 340 3417 ratione
373 3349 529 3415 virtutum
562 3356 596 3412 et
631 3352 832 3427 uousrantiae
857 3351 947 3414 illius
973 3353 1134 3436 Apostoli
1188 3351 1252 3418 Fuit
1272 3333 1312 3399 eol

214 3457 308 3537 virgo
328 3463 515 3538 perpetuus,
535 3462 569 3516 et
588 3455 657 3518 vita
674 3463 763 3518 totus
785 3453 888 3536 (1⁶8
897 3455 949 3538 Δ)
978 3458 1196 3542 apostoliens,
1216 3461 1244 3518 ot
1259 3445 1312 3510 dell

195 3604 200 3610 .
215 3560 370 3644 tissimus,
378 3567 415 3622 nt
434 3565 523 3642 potet
542 3557 597 3622 sel.
610 3560 680 3624 106.
695 3559 750 3645 A„
761 3579 856 3646 uuae
869 3563 985 3626 omnia
1005 3573 1187 3648 oongrnunt
1205 3548 1309 3646 praedis

216 3665 347 3728 toribus.

298 3791 354 3852 lll.
376 3789 473 3856 llotio
498 3793 616 3857 montis
636 3791 779 3878 oliveri,
812 3779 868 3878 qui
899 3772 1019 3877 monsj
1040 3805 1082 3860 ut
1098 3795 1212 3858 dietum
1238 3792 1272 3850 θεῖ
1285 3769 1307 3840 ἶῡῑ

216 3893 302 3981 151.,
321 3896 501 3961 illustratur
520 3897 695 3960 luminibus
726 3899 838 3982 templi
863 3893 998 3964 'Domini
1029 3907 1065 3964 et
1084 3901 1164 3964 solis
1188 3907 1218 3962 et
1239 3887 1282 3957 oloi
1297 3888 1310 3936 o

215 4003 426 4066 eoelesiarom
445 4000 655 4084 lampadibus.
678 4003 739 4067 Sio
756 4003 843 4068 0rdo
864 4005 1126 4070 Praedicatorum
1147 4003 1246 4068 dioilo
1259 3995 1306 4058 mod

214 4106 386 4189 luminum,
405 4106 484 4187 quia
504 4106 681 4169 illustratur
703 4109 840 4172 seientia
861 4109 1083 4193 theologioali,
1112 4128 1193 4193 quaa
1209 4129 1225 4172 ι
1240 4089 1308 4176 leillu

214 4202 276 4262 liei
303 4203 463 4285 proeedit‚
489 4217 523 4267 et
543 4207 680 4270 seientia
707 4212 838 4293 morali,
870 4231 956 4294 quae
976 4215 1019 4276 de
1052 4215 1124 4278 sole
1147 4204 1303 4295 minnist
