2608 4842
631 67 636 74 “
717 50 781 114 242

157 233 319 300 ecclcsiae
350 231 457 296 adhuc
486 229 752 296 menllestissima
776 239 905 315 patent,
929 239 968 294 nt
1002 232 1216 316 sequentia
1238 230 1283 300 du

157 341 317 407 strabuut.
358 339 462 420 Igitur
482 354 556 401 cum
573 335 624 398 sol
646 344 738 400 ortus
758 347 850 401 esset
871 345 905 399 et
922 345 1053 420 tempus
1074 339 1241 401 Missas
1262 321 1283 404 d

159 446 252 510 randi
282 443 435 526 adesset,
458 441 604 525 pulsavit
623 443 762 506 sacrista
773 441 926 526 tabulam,
949 445 1137 507 nonenim
1159 446 1283 508 habeut

158 567 345 633 umpanas,
367 545 543 630 rtecnolas‚
568 547 1077 630 nectintinabula‚necsiuuntur
1105 550 1283 631 quovisr

158 655 278 721 habere
299 655 340 719 ab
360 651 565 732 infidelibus·
582 651 642 714 sed
663 653 781 716 tabulis
802 653 920 736 ligneis
937 654 1016 717 dant
1039 652 1084 716 ad
1100 652 1283 732 Officia*

93 761 98 768 “
158 764 244 825 sicut
266 779 326 824 nos
348 759 484 822 lecimus
507 757 587 820 feria
605 757 662 820 vt.
684 757 898 826 Parasceves.
939 759 1236 842 Eteongregatis
1255 777 1284 820 or

158 867 278 932 busin
306 863 477 927 ecclesiam
512 869 724 925 oarrtavcrtntt
760 863 936 926 solenniter
964 865 1109 946 primam
1145 873 1183 926 et
1217 855 1284 924 terti

158 980 287 1054 etpost
308 970 433 1034 tertiam
456 968 616 1050 processit
646 975 739 1049 pater
768 965 952 1032 Gordianus
979 985 1052 1030 oum
1082 971 1170 1032 suis
1194 969 1284 1028 minis

158 1077 300 1160 pretiose
319 1074 440 1138 ornatis
462 1070 504 1134 ad
524 1089 685 1135 summum
708 1070 860 1134 Officium
882 1071 1146 1154 perficiendum,
1179 1075 1215 1129 et
1239 1073 1284 1128 cti

159 1181 225 1243 alta
245 1199 329 1244 voce
349 1178 514 1243 inchoavit
531 1177 690 1240 canticum
710 1175 751 1238 de
766 1177 898 1242 canticis
912 1176 1020 1261 Syou:
1041 1175 1203 1260 Spiritus
1218 1173 1284 1234 Dou

160 1274 316 1369 replevit,
343 1293 377 1347 st
395 1300 508 1347 omnes
540 1281 650 1345 clerici
677 1289 710 1344 et
728 1283 890 1366 peregrini
909 1283 996 1346 docti
1024 1282 1237 1346 adiuvabant
1255 1295 1285 1338 en

161 1401 192 1454 et
214 1409 289 1454 cnm
299 1388 442 1471 jocunde
463 1388 668 1451 solemnitate
678 1385 814 1450 Missam
838 1387 879 1452 de
895 1386 1018 1471 Spiritu
1043 1395 1172 1452 sancto
1192 1385 1285 1446 cantui

159 1513 239 1558 mus.
282 1497 354 1558 Hoc
376 1494 460 1556 enim
483 1490 632 1556 Officium
661 1493 860 1584 congruebat
892 1493 979 1575 loco,
1010 1495 1092 1576 quio
1115 1492 1169 1554 ibi
1200 1486 1285 1569 Spiris

158 1607 291 1661 sanctus
314 1599 434 1661 missus
455 1606 507 1660 est
537 1594 711 1660 visibiliter
736 1597 923 1680 discipulis3
944 1605 976 1659 et
988 1597 1146 1679 tempori,
1171 1597 1242 1678 quia
1258 1605 1285 1650 eu

160 1702 320 1769 dominica
339 1703 425 1786 Vll„
445 1703 479 1767 in
500 1701 625 1787 quade
646 1700 676 1763 7.
698 1704 837 1784 panibus
858 1707 895 1766 fit
916 1703 1044 1785 mentio,
1069 1703 1130 1783 qni
1154 1701 1228 1764 Vll.
1247 1697 1285 1759 dot

158 1806 298 1890 Spiritus
320 1808 425 1870 sancti
446 1808 630 1891 designant.
660 1805 728 1868 Sub
752 1806 868 1872 Obicio
890 1824 949 1870 nos
971 1805 1170 1869 sacerdotes
1190 1804 1285 1867 eelelu

157 1914 266 1976 vimus
287 1914 321 1976 in
341 1922 479 1997 quatuor
499 1912 652 1974 altaribus
676 1914 820 1995 paratis,
849 1922 884 1974 et
908 1913 986 1975 milri
1018 1911 1081 1974 fuit
1112 1911 1213 1973 datus
1237 1908 1286 1968 lun

158 2018 342 2082 celebrandi
363 2018 499 2080 nasarius
520 2019 553 2080 iu
575 2017 762 2099 ambitu,·in
784 2017 910 2101 capella
930 2016 964 2080 S.
995 2015 1146 2079 'l'homae
1175 2009 1286 2097 Aposul

159 2142 243 2207 qnae
272 2132 324 2187 est
355 2126 389 2186 in
417 2123 487 2184 loco
515 2121 569 2184 ubi
586 2120 744 2186 Dominus
771 2123 914 2186 'l'homae
947 2123 1044 2186 dixit:
1079 2123 1171 2184 infer
1198 2119 1286 2201 digitu

158 2237 247 2290 tunm
269 2229 343 2312 hnc,
385 2226 526 2288 Johann.
545 2225 597 2288 20.
619 2225 699 2290 Post
727 2228 931 2310 evangelium
954 2228 1070 2290 summi
1101 2226 1212 2288 Officii
1229 2234 1286 2286 vern

157 2327 308 2418 sopater
331 2332 512 2398 Gordianus
552 2338 584 2394 ct
604 2331 639 2411 in
661 2332 776 2396 Latino
799 2332 875 2396 fecit
893 2333 1058 2415 pulchrum
1083 2349 1253 2394 sermonem
1267 2325 1285 2388 te

157 2437 437 2503 commendatione
460 2436 601 2500 locorum
623 2445 818 2520 sanctornm,
841 2445 875 2500 et
897 2437 938 2500 de
959 2438 1077 2500 devota
1106 2457 1214 2501 eornm
1236 2433 1284 2496 risi

155 2544 288 2626 tatione,
312 2563 408 2628 quem
430 2560 579 2606 sermone
590 2542 863 2622 interpretabatur
885 2542 1079 2606 venerabilis
1102 2539 1283 2626 paterPanln

160 2648 340 2730 Guglinger
360 2650 395 2711 in
415 2648 612 2712 nheutonico
634 2645 864 2710 saecularibus.
885 2646 985 2712 Porro
1004 2648 1065 2710 sub
1086 2645 1211 2709 Officiis
1229 2654 1282 2704 eran

161 2754 246 2816 ostia
265 2749 406 2836 (ΜΔ)
433 2753 557 2832 clausa,
578 2761 611 2815 et
632 2751 803 2816 Surraccni
829 2771 849 2815 a
875 2751 959 2815 soris
980 2753 1108 2816 stabant
1138 2771 1209 2815 cum
1228 2769 1281 2813 ner·

159 2857 323 2921 catoribus
341 2858 375 2920 in
387 2857 486 2922 multo
501 2875 643 2921 numero.
670 2855 816 2940 Contigit
835 2864 945 2920 eutem
962 2857 1024 2920 snb
1035 2855 1227 2941 Officinpost
1239 2873 1281 2917 ser·

159 2979 286 3024 monem
322 2962 439 3045 aperiri
476 2966 594 3030 ostium
630 2971 762 3046 propter
799 2961 967 3046 cujusdem
1001 2961 1216 3046 emissionem3
1245 2963 1280 3024 hu

159 3064 311 3130 videntes
333 3066 506 3134 Sarraceni
527 3087 600 3134 oum
620 3069 759 3134 tumultu
779 3086 817 3131 se
837 3070 871 3130 iu
897 3071 1016 3132 ostium
1039 3070 1245 3152 ingesserunt,
1264 3077 1280 3128 rt

160 3171 334 3236 ecelesiam
352 3174 493 3257 ingressi
513 3185 600 3259 sunt,
617 3174 713 3256 juxte
730 3175 846 3238 altaria
865 3179 1017 3256 stantes,
1038 3175 1183 3254 mysteria
1202 3185 1280 3240 noste

160 3279 391 3366 respicientes:
414 3280 534 3346 nullam
552 3291 661 3344 tamen
683 3278 926 3344 irreverentiam
948 3278 1109 3362 lecerunt,
1138 3280 1196 3344 nisi
1222 3279 1279 3365 quod

158 3385 203 3449 ibi
223 3387 352 3450 stabant
375 3395 408 3450 et
428 3385 677 3450 admirabantur.
721 3383 918 3448 Sacerdotes
937 3391 1044 3446 autem
1065 3379 1138 3464 ipsis
1155 3403 1278 3466 praesen

160 3489 248 3552 tibus
269 3494 460 3574 pausabant,
481 3509 649 3576 quousque
668 3509 727 3573 per
748 3489 866 3553 iratres
894 3496 1004 3552 essent
1023 3487 1129 3571 steen,
1157 3493 1208 3575 qui
1235 3513 1277 3557 nor

160 3592 195 3654 vi
213 3589 361 3674 pellendo
383 3603 441 3659 aut
455 3595 609 3660 trahendo
622 3603 678 3661 aut
699 3594 865 3679 litigando,
885 3593 945 3657 sed
957 3603 1115 3658 mansuete
1133 3598 1277 3664 inducendo

161 3703 193 3758 et
215 3697 358 3780 rogando
380 3718 437 3764 eos
461 3701 677 3787 secluserunt,
698 3707 733 3768 et
753 3703 799 3766 ita
819 3700 961 3767 officinm
983 3699 1101 3767 linitam
1119 3713 1170 3768 ost.
