2608 4842
573 193 660 258 ἥδ’

5 385 32 442 t
72 375 227 471 quippe
245 392 385 459 magnus
405 373 512 440 vaide
530 405 534 412 ·
555 372 643 443 Nam
661 373 777 442 nudor
797 383 873 458 post
890 371 1064 440 decumus
1085 379 1183 442 oon-

5 501 93 546 um
115 481 387 566 lapidemillum
408 487 617 562 secanerunt,
629 489 753 570 partern
770 481 863 564 juxta
884 479 1094 564 sapuichmur
1107 481 1182 544 Do·

5 590 37 650 ri
72 587 308 668 dimittentes,
331 595 365 648 et
384 586 481 650 aliam
493 594 619 672 partem
634 585 682 653 ‚ad
697 585 785 668 hanc
808 585 980 649 ecclesiam
1002 585 1183 650 transtule-

5 701 65 776 ιι,
95 701 134 756 et
145 711 214 774 pro
227 690 336 757 tabula
347 699 380 754 et
389 709 504 767 mensa
524 690 636 754 altaris
652 691 893 755 ordinaverunt
919 693 1016 754 Hunc
1032 699 1180 754 seudum

5 797 131 860 idem
175 795 362 862 deosculati
377 813 510 863 wanno
550 806 583 860 et
597 798 777 867 curiosius
814 797 1026 880 inspeximus.
1079 795 1180 860 Porro

5 904 180 985 sbyteri
206 899 375 966 coeterna
395 901 650 985 diligentissime
677 902 937 969 observaverunt
957 920 1031 985 nos,
1053 901 1182 986 nequis

5 1007 111 1092 quid
132 1009 359 1073 nrstmmcnto
380 1007 486 1073 ferreo
501 1026 528 1076 ,a
548 1007 657 1091 lapide
670 1007 871 1092 decerperet,
883 1007 1183 1092 qutavudevooo-

5 1121 98 1176 rtur
124 1110 399 1196 lapidem-illurn,
413 1119 455 1174 et
475 1112 539 1176 nisi
560 1113 646 1196 lapis
664 1113 723 1176 ille
743 1114 880 1197 fnisset,
901 1131 988 1180 anne
1009 1111 1183 1198 praeterito

5 1237 94 1282 rum
117 1215 368 1302 vendidissent,
390 1216 471 1300 quia·
487 1224 570 1280 aaut
586 1219 781 1301 pauperrimi
802 1219 949 1300 Armeni,
965 1215 1126 1298 monachi,
1149 1223 1183 1277 et

5 1329 193 1406 upeoato
213 1321 529 1408 cogerrte„voiebant
541 1322 657 1411 ,locun
679 1324 821 1390 fratibus.
837 1323 1014 1386 munoribus
1029 1320 1183 1402 vendere,

5 1428 59 1492 iia
92 1445 168 1492 non
182 1429 345 1509 :poterant
359 1427 539 1498 vorrolesianr
553 1435 596 1490 et
617 1429 846 1492 monasterium
867 1431 901 1492 in
917 1428 991 1492 suis
1012 1427 1187 1492 structuris

5 1533 279 1615 ›nservare;·ito
298 1542 406 1596 tamen
418 1532 573 1596 volebant
585 1533 694 1598 locunt
708 1533 861 1616 vendere,
883 1543 919 1597 ut
931 1532 1073 1615 lapidem
1092 1530 1183 1598 ilium

5 1656 111 1705 mum
135 1637 303 1720 tollerent,
316 1641 495 1720 quiscum
521 1638 643 1723 iapide
671 1657 876 1724 nequaquam
908 1638 1066 1702 volebant
1095 1655 1183 1702 veu-

5 1763 76 1806 rre.
139 1744 192 1806 iu.
218 1745 283 1833 hoc
305 1727 421 1808 'autem
450 1760 536 1809 anno
563 1747 657 1808 uenit
685 1743 817 1830 quidum
850 1743 1024 1828 praedives
1059 1744 1181 1808 Armo-

5 1866 51 1912 us
78 1849 127 1912 in:
142 1848 407 1938 ierusalem&
428 1844 543 1914 nunus
559 1850 737 1914 ecciesiae
762 1857 804 1912 ot·
818 1850 956 1914 claustri
982 1849 1119 1930 reiecit,
1147 1856 1182 1910 et

5 1973 135 2021 renunt
157 1952 666 2038 adjtitriccnais'tisopaupcribus
700 1957 858 2038 praebuit.
905 1957 945 2016 In
975 1955 1079 2036 prima
1108 1969 1183 2016 raes

5 2058 267 2140 ›eregrinatione
287 2060 380 2124 venit
400 2060 478 2122 mihi
497 2059 541 2122 ad
561 2077 677 2122 manus
695 2061 780 2121 satis
802 2076 921 2142 magna
941 2058 1046 2142 portio
1067 2057 1109 2120 de
1127 2055 1183 2120 iiio

5 2162 132 2245 apide,
161 2171 259 2244 quam
297 2161 564 2245 qnidam-mites,
583 2164 664 2224 eruit
690 2162 815 2226 duobus
843 2162 968 2226 ducatis
1006 2179 1028 2224 a
1064 2159 1183 2224 elerico

5 2270 174 2355 irmeno,
195 2268 257 2350 -qui
284 2285 358 2333 cum
392 2268 496 2332 milite
517 2267 691 2332 ecclesiam
708 2269 878 2354 ingressus
906 2268 1038 2348 furtive,
1052 2283 1108 2332 ne
1125 2265 1184 2328 aiii

5 2373 145 2437 irmeni
164 2353 376 2456 perciperent,
392 2371 554 2458 decerpsit
576 2372 722 2455 aiapide
743 2373 946 2456 particulam.
967 2373 1058 2436 idern
1075 2381 1183 2436 anton

6 2475 107 2540 miles
126 2477 159 2540 in
180 2477 263 2542 meri
279 2478 368 2560 obiit,
390 2487 423 2540 et
440 2473 675 2561 portione-illa
686 2478 764 2541 mihi
783 2497 842 2561 pro
853 2476 1054 2540 haereditate
1063 2479 1185 2542 mansit

6 2601 106 2666 uuam
139 2581 265 2644 Ulmum
300 2599 425 2648 mecum
447 2581 544 2645 -dnxi
589 2582 717 2646 Deinde
736 2584 889 2648 vonimus
909 2584 950 2645 ab
973 2583 1068 2647 altari
1089 2601 1184 2646 rece-

8 2686 130 2754 dentes
146 2685 243 2769 juxta·
260 2686 361 2750 altare
379 2689 413 2751 in
436 2688 549 2751 dextro
572 2687 683 2770 latere,
705 2708 765 2771 per
790 2689 941 2754 ostiolum
972 2689 1183 2772 perronio-

10 2795 121 2874 greasi
140 2806 248 2856 sumus
264 2793 302 2854 in
322 2791 471 2856 cellulam
491 2793 640 2858 strictam
662 2800 695 2856 et
705 2795 921 2877 tenebrosam,
943 2794 1043 2856 muris
1063 2793 1183 2876 spissis

13 2897 163 2979 cinctam,
182 2905 213 2958 et
232 2915 297 2958 non
315 2898 379 2960 nisi
394 2899 490 2985 nnius
511 2897 652 2961 hominis
664 2901 787 2965 stantis
798 2888 968 2982 oa'paoem3
991 2898 1078 2962 unde
1096 2916 1182 2962 uuus

14 3010 92 3082 post
104 3001 194 3075 olium
205 3000 452 3084 ingrediebatur.
474 3005 567 3066 Haec
584 3003 707 3076 cellula
723 3003 1021 3087 ¹fuitinclusoriunr,
1042 3006 1076 3066 in
1094 3003 1182 3086 quod

19 3106 186 3170 examinati
218 3113 252 3168 et
277 3105 381 3189 judici
413 3105 639 3190 praesentandi
668 3109 706 3170 'et
737 3108 906 3174 occidendi
934 3109 1183 3175 includebantur

24 3227 124 3292 nsque
144 3211 181 3274 ad
199 3217 326 3296 ternpus
347 3215 627 3296 praesentationis.
673 3211 730 3275 Sic
751 3209 909 3276 Dominus
931 3214 1033 3277 Jesns
1055 3213 1183 3276 σκιαὶ-
1210 3262 1214 3273 .

26 3317 183 3380 natust'uit
200 3319 294 3380 etiam
315 3319 359 3382 ibi
383 3321 541 3400 reclusus,
562 3327 658 3380 stans
679 3318 725 3381 ibi
742 3320 848 3381 tribus
869 3319 972 3399 horis,
993 3317 1143 3379 manibus
1164 3333 1185 3378 a

30 3425 114 3503 tergo
134 3421 256 3504 ligatu,
278 3421 382 3484 oculis
401 3422 542 3504 velatus,
564 3422 660 3484 vultu
670 3429 861 3503 consputus,
872 3421 1055 3502 opprobriis
1077 3419 1184 3503 reple-
1211 3471 1214 3478 .

30 3531 88 3606 tuo,
108 3527 217 3608 frigore
237 3523 392 3586 atiiictus.
432 3528 471 3588 ln
490 3527 554 3589 hoc
578 3525 651 3588 loco
667 3525 826 3605 prostrati
849 3522 1183 3589 devotius-oravimus

34 3636 65 3690 et
93 3631 201 3710 gratias
229 3627 438 3710 Redemptori
472 3630 610 3712 egimus.
643 3625 752 3708 (1⁰8
770 3626 823 3704 A)
864 3626 1111 3714 Consequeatcr
1141 3631 1184 3695 de

38 3734 165 3798 ecclesia
182 3734 302 3818 egressi
323 3751 436 3796 sumus
456 3735 490 3798 in
509 3733 632 3798 curiam
653 3731 708 3799 vei
719 3734 834 3795 atrium
848 3733 1016 3818 ecclesiae,
1037 3737 1091 3800 nii
1113 3746 1183 3802 eret

40 3837 126 3920 ignis,
146 3839 223 3910 circa
244 3857 340 3922 quern
362 3840 468 3902 stabat
489 3839 609 3902 Petrus
638 3856 711 3900 cum
725 3837 897 3922 ministris,
910 3840 1035 3923 quando
1050 3843 1184 3926 negavit

41 3940 199 4024 Dominum,
218 3953 250 4007 et
273 3943 401 4030 quando
428 3943 587 4008 Dominus
618 3962 691 4006 oum
711 3946 863 4026 respexit.
921 3946 1057 4030 Insuper
1078 3948 1183 4028 locus,

46 4045 91 4109 nbi
112 4048 203 4132 gallus
220 4051 321 4133 stetit,
344 4049 385 4120 ad
406 4050 501 4134 cnjus
523 4065 637 4112 vocem
655 4048 771 4113 Petrus
791 4068 830 4114 se
850 4051 959 4134 ipsum
980 4053 1183 4135 recognovit,

48 4161 211 4219 monstratus
228 4155 287 4220 fuit
307 4155 412 4238 nobis,
434 4173 522 4240 quae
542 4154 649 4218 omnia
670 4171 744 4219 cnm
767 4156 939 4221 devotione
959 4156 1124 4221 vidimus.-
