2608 4842
605 174 671 240 249

0 355 139 423 ulti
164 376 311 442 eramus,
333 367 365 422 et
384 356 477 423 loeus
499 354 638 422 striotus
661 363 694 418 et
713 373 811 440 super
837 357 978 422 tabulam
1001 357 1131 444 longam
1152 371 1226 426 erat

10 471 210 529 xtonsus
223 482 350 549 pannus
367 462 506 546 desuper
521 460 562 524 ed
579 459 814 544 longitudinem
833 463 972 548 tabulae,
985 463 1028 528 ad
1040 465 1225 532 leniendam

0 569 197 633 mbram
238 580 351 634 eontra
385 567 465 632 solis
499 574 639 629 aestumt
669 575 703 629 et
739 569 867 650 pictura
895 572 993 652 panni
1019 569 1080 634 ant
1109 571 1225 636 niente

0 675 192 755 pinitus
210 677 325 738 saneti.
367 672 598 737 Diseubuimus
620 689 698 756 ergo
717 690 847 755 omnes,
871 673 1012 758 demptis
1031 675 1223 759 quibusdam

26 778 212 842 obilibus
243 777 409 862 militibus,
431 779 489 862 qui
511 775 582 854 (B)
609 796 653 840 ex
679 777 860 854 humilitate
881 795 920 842 se
945 780 988 843 ad
1018 781 1224 846 serviendum

6 912 32 937 ιι
49 885 175 946 ensis
195 885 418 949 exhibuerant.
462 880 598 947 Cunetio
620 889 728 946 autern
756 881 965 969 sedentibus,
999 894 1033 949 et
1059 905 1132 950 eum
1154 887 1225 952 dls-

28 988 172 1071 ipliua
206 989 495 1070 eonveseentibus‚
536 988 676 1052 aooessit
705 987 836 1070 quidam
866 990 919 1051 vir
945 991 1068 1056 vestitu
1094 1011 1225 1077 pauper,

13 1113 148 1158 mem
163 1096 261 1178 'prius
285 1095 319 1157 in
340 1095 470 1177 agmine
489 1093 731 1176 peregrinorum
752 1111 817 1156 non
837 1093 992 1178 videram,
1012 1106 1047 1160 et
1065 1098 1101 1160 in
1122 1097 1227 1162 medio

13 1199 323 1264 iseumbentinm
344 1207 448 1282 stans,
469 1200 517 1260 ita
536 1206 651 1262 ornata
665 1196 835 1261 vlocutione
855 1207 889 1262 et
912 1200 1029 1266 deeora
1043 1202 1227 1286 eloquentia

7 1307 162 1368 oravit
185 1305 300 1387 lingua
321 1303 439 1386 latina,
469 1301 556 1386 qnod
589 1303 729 1378 omnium
754 1303 902 1368 intuitum
926 1306 968 1369 ad
996 1325 1035 1370 se
1056 1309 1226 1390 convertit,

7 1418 65 1472 ot
97 1410 137 1472 in
160 1418 325 1493 stuporem
338 1409 433 1472 etiam
448 1427 513 1471 non
534 1406 754 1491 intelligentes
774 1413 883 1495 vertit,
892 1411 1025 1495 propter
1045 1393 1225 1496 promptam

15 1524 69 1579 et
98 1515 333 1580 delectabilem
359 1513 592 1596 expressivum.
621 1512 733 1578 Oratio
754 1523 862 1578 autern
883 1517 956 1598 ejus
980 1517 1041 1580 luit
1062 1517 1105 1582 de
1129 1537 1227 1600 prae-

25 1621 154 1686 emnia
177 1621 322 1684 looorum
351 1627 552 1700 sanctorum,
586 1617 682 1680 etde
706 1617 802 1682 laude
821 1623 1100 1705 peregrinationis
1144 1621 1226 1686 Post

28 1727 189 1810 rhetoris
210 1728 314 1819 verba
340 1726 480 1789 aenessit
508 1723 550 1788 ad
570 1723 677 1787 loeum
697 1739 792 1788 suum
813 1745 994 1809 generosas
1014 1729 1084 1811 vir,
1119 1727 1226 1790 domi-

1 1881 2 1896 ,
29 1851 107 1896 arus
127 1833 301 1896 Jehauues
322 1829 364 1896 de
385 1829 550 1914 Cymhern
567 1829 670 1911 haro,
688 1827 740 1892 vir
760 1831 903 1912 prudens
925 1843 959 1895 et
979 1834 1146 1916 eloquens,
1168 1832 1225 1914 qui

32 1955 134 2013 unus
156 1937 351 2000 servitorum
382 1946 468 2018 erat,
496 1943 594 1996 etex
619 1933 849 1996 oommissione
874 1935 983 1998 Patris
1015 1936 1172 2002 Gordiani
1192 1937 1227 1998 io

38 2041 255 2106 'l'lreutonioo
278 2058 371 2110 orare
390 2039 527 2121 incepit,
555 2046 668 2120 grates
697 2038 843 2103 reterens
870 2040 1008 2104 dominis
1036 2041 1227 2125 peregrinis,

42 2147 139 2232 quod
161 2147 205 2229 ad
225 2163 402 2230 pauperum
425 2143 559 2207 lratmm
581 2159 726 2206 mensam
745 2156 964 2230 accesserunt,
985 2165 1116 2231 rogans,
1128 2157 1163 2210 ut
1185 2147 1228 2208 de

1 2302 3 2336 ,
48 2254 164 2317 oblato
188 2253 269 2316 elbo
291 2259 325 2312 et
348 2255 428 2331 potu
452 2248 598 2311 eontenti
632 2257 766 2311 starent.
808 2251 852 2314 Et
871 2252 902 2314 sl
922 2255 979 2335 qui
1013 2263 1141 2335 essent,
1169 2252 1227 2334 qul

1 2409 2 2426 t
51 2355 231 2422 retundere
260 2355 413 2418 fratribus
446 2353 637 2416 charitatem
667 2352 810 2436 vellent,
841 2363 873 2418 et
894 2357 1092 2439 indigentiae
1118 2375 1228 2419 eorum

1 2512 3 2548 ,
51 2461 217 2546 misereri,
252 2467 389 2543 possent
421 2457 462 2521 de
489 2475 530 2520 ea
565 2477 602 2520 re
630 2457 718 2542 loqui
753 2475 827 2520 oum
868 2459 973 2524 fratre
1005 2462 1156 2526 Johanne
1187 2461 1230 2524 de

1 2625 3 2656 ,
51 2566 208 2650 Prassia,
238 2572 447 2648 procuratore
485 2561 694 2644 Conventus,
727 2581 823 2645 quem
857 2564 892 2627 in
930 2567 1051 2628 ambitu
1090 2574 1229 2628 stantem

1 2725 2 2758 3
54 2673 239 2756 reperirent.
291 2668 485 2732 Nullatenns
521 2668 608 2730 enim
642 2666 746 2730 voluit
770 2668 867 2732 Pater
903 2669 1105 2754 Gordianus,
1141 2669 1229 2754 quod

1 2830 3 2867 Ε
59 2777 195 2841 eolleeta
223 2777 314 2840 tieret
343 2777 378 2838 in
399 2792 531 2856 mensa,
555 2790 618 2835 nee
639 2775 822 2857 consensit,
851 2785 886 2839 ut
910 2777 1111 2840 intimaretur
1130 2793 1230 2860 pere-

1 2936 3 2968 ,
61 2881 175 2964 grmis,
202 2881 287 2964 quod
310 2881 411 2944 frater
430 2880 599 2943 iohannes
629 2888 718 2942 esset
749 2889 944 2962 aeeepturus
970 2884 1142 2964 pecuniam
1163 2899 1228 2944 no-

62 2986 144 3048 mine
168 2985 317 3068 fratrum,
339 2985 398 3048 sed
420 2984 545 3047 nobiles
567 3002 610 3048 ex
631 3001 669 3046 se
689 2984 752 3048 hoe
783 2984 942 3048 feoerunt.
988 2988 1096 3050 Finito
1117 2995 1228 3049 autem

63 3090 188 3174 prandio
201 3097 242 3154 et
263 3091 346 3153 bene
367 3090 460 3152 nobis
482 3089 617 3151 relectis
639 3107 712 3152 eum
733 3091 909 3172 gratiarum
930 3093 1059 3156 aetione
1079 3091 1229 3154 surrexi-

63 3214 139 3260 mus.
157 3197 258 3260 Porro
277 3195 404 3266 nobiles
423 3193 464 3259 ad
481 3193 617 3264 ‘fratrem
628 3191 810 3257 Johannem
832 3194 1029 3258 aecedentes
1048 3195 1227 3258 notabilem

65 3301 294 3384 eleemosynam
316 3298 502 3364 Conveniet
525 3295 694 3378 dederunt,
715 3299 817 3381 aliqui
830 3300 881 3361 vt
902 3299 1049 3379 duoatos,
1072 3297 1171 3380 aliqui
1183 3297 1229 3378 V,

0 3466 1 3497 ,
67 3405 157 3488 aliqui
193 3404 273 3488 llll,
295 3404 478 3487 aliquilss,
500 3401 600 3484 aliqui
619 3403 672 3483 11,
704 3410 737 3466 et
765 3402 897 3466 minima
932 3399 1140 3485 eleemosyna
1166 3401 1227 3465 luit

69 3508 242 3578 lineatus.

74 3726 239 3804 visitatio
276 3731 484 3802 sanctorum
509 3725 670 3803 loeorom
698 3725 828 3801 montis
841 3722 958 3826 ·Sl⁷⁰¹¹
991 3731 1097 3800 ⁰¹³³
1120 3733 1229 3826 wlffa

447 3845 656 3924 monasterii
681 3847 840 3924 fratrum.

142 4030 258 4094 ll'initis
290 4031 360 4114 his,
394 4047 478 4114 quae
508 4027 595 4094 dieta
623 4038 716 4114 sunt,
748 4031 946 4094 aeeessimns
977 4047 1039 4091 nos
1065 4025 1229 4110 peregrini

76 4135 115 4200 ad¹
130 4135 251 4200 Patrem
281 4133 494 4218 Gordianum,
524 4145 696 4220 rogantes,
731 4143 891 4220 quatenus
920 4132 1108 4214 dignaretur
1135 4128 1229 4191 nobis

4 4337 5 4340 Ἴ
79 4238 231 4324 adjungere
253 4240 369 4307 iratres
391 4239 536 4326 aliquos,
564 4240 620 4323 qui
641 4238 798 4304 duoerent
821 4255 882 4301 nos
911 4253 971 4316 per
1002 4235 1127 4316 reliqna
1157 4233 1229 4296 toea
