2608 4842
567 114 629 181 aot

7 293 183 375 nmeit,
210 311 317 376 neque
342 294 384 357 ed
404 304 527 378 portem
546 293 759 381 judiciariam,
780 296 814 360 et
833 315 854 360 a
874 307 966 382 porta
987 301 1183 366 transeundo

7 416 20 458 ,-
61 397 261 480 voraginis
284 409 414 481 pontem
436 418 541 484 usque
563 399 605 463 ad
627 420 755 489 rupem,
788 423 872 486 quae
892 424 957 469 non
978 414 1049 469 erat
1070 409 1182 490 statim

7 508 61 562 te
106 511 272 586 pontem,
300 503 359 566 sed
380 504 590 588 paratiquod
611 509 752 588 spatium
774 507 915 573 distabat
935 528 1064 574 sursum
1089 517 1182 574 tran-

7 605 124 670 mdo
150 625 258 690 super
278 609 456 692 marginem
475 613 659 695 vereginis,
682 620 714 674 et
733 613 777 677 ibi
799 615 953 699 scopulus
971 634 1069 700 super
1091 636 1180 680 mer·

7 731 106 774 nem
147 713 204 776 ita
234 711 412 794 dispositus
445 722 532 799 erat,
565 715 650 802 quod
682 716 842 782 Dominus
870 721 904 783 in
936 740 976 783 eo
1005 723 1179 786 crucifixus

7 834 135 880 rsum
174 815 220 880 ad
247 819 402 881 orientem
437 829 551 884 eontra
583 822 751 886 civitatem
778 823 903 909 habuit,
945 827 1071 890 vultum
1100 847 1179 892 vero
1249 829 1256 842 '

8 929 116 984 ntra
141 923 348 986 occidentem
380 927 490 990 vertit.
533 926 587 988 An
609 934 718 992 autem
752 927 912 994 Dominus
941 931 1116 996 crucifixus
1137 933 1181 998 eit

10 1045 98 1110 per
113 1095 118 1102 ,
134 1029 325 1114 scopulum,
358 1030 413 1094 vei
441 1033 540 1115 intra,
564 1032 711 1094 venitin
733 1029 884 1120 dubium,
907 1033 1069 1120 (rtem)
1105 1037 1181 1120 quia

7 1141 137 1216 optet
160 1141 346 1200 structuras
367 1137 527 1220 nesoitur,
557 1154 654 1220 quam
675 1136 761 1201 lotus
783 1137 880 1204 suerit
901 1143 936 1202 in
957 1159 1019 1220 auo
1041 1142 1181 1206 eulmine

7 1236 174 1320 repulus.
218 1239 290 1322 Ego
313 1239 426 1324 oredo,
463 1241 550 1324 qnod
581 1241 667 1304 inira
698 1244 867 1326 scopulum
891 1245 988 1310 fuerit
1021 1245 1180 1310 Dominus

7 1343 194 1427 uciflxuS,
208 1351 242 1406 et
265 1364 303 1407 eo
325 1347 413 1410 ornei
434 1347 532 1411 affixo
555 1364 684 1409 erucem
706 1365 779 1409 enm
799 1349 871 1431 ipso
891 1367 990 1433 serpet
1010 1352 1179 1435 scopulum

9 1457 177 1512 exerunt
199 1467 348 1534 sursum,
371 1459 403 1514 et
424 1452 468 1516 ibi
489 1470 560 1513 eam
582 1451 653 1533 rupi
674 1451 905 1535 imposuerunt.

84 1554 181 1616 Anto
203 1555 442 1620 eruoiiixionem
455 1541 772 1634 Christi'iuitioeus
784 1557 958 1627 calvariae
978 1561 1177 1627 honorabitis

7 1662 29 1722 tr
58 1661 212 1742 antiquo.
258 1662 295 1722 In
318 1679 357 1722 eo
380 1661 440 1736 suit
456 1660 552 1725 Anae
573 1669 661 1725 testa
691 1661 861 1728 deoalvote
889 1674 1035 1750 reperte,
1068 1686 1089 1729 a
1114 1685 1178 1750 qua

7 1763 158 1826 :alveria
180 1771 234 1826 eet
253 1764 344 1829 loeus
367 1765 483 1851 dietus,
505 1767 560 1830 vel
573 1765 722 1830 calvarie
744 1767 961 1854 etGolgatha,
984 1771 1070 1856 quod
1091 1771 1177 1836 idem

7 1879 67 1934 ret.
116 1868 236 1932 Juuaei
259 1871 298 1933 ab
321 1871 452 1955 antiqno
481 1874 568 1935 huno
588 1872 695 1935 looum
718 1877 866 1938 venerati
887 1885 982 1959 sunit,
1006 1879 1082 1959 quia
1102 1893 1177 1940 ore-

7 1975 98 2056 tunt,
118 1974 154 2036 in
177 1993 216 2038 eo
226 1975 444 2056 Abrahamum
466 1976 612 2040 votuisse
634 1977 799 2040 immolare
820 1979 927 2062 Isaeo,
950 1977 1050 2043 filium
1071 1997 1177 2063 suum,

7 2089 33 2143 rt
60 2079 200 2145 dicetur.
243 2080 380 2144 ntideo
407 2101 505 2144 unum
528 2081 569 2144 de
601 2081 743 2144 excelsis
772 2085 895 2148 eratin
927 2083 999 2148 loeo
1027 2086 1110 2168 isto,
1141 2093 1178 2148 ut

7 2185 159 2269 ereditur,
172 2187 207 2250 in
227 2187 343 2270 quibus
365 2187 502 2271 populus
522 2187 707 2250 immolabat
724 2188 822 2250 etiam
839 2198 1024 2253 eonetmeto
1045 2189 1177 2273 templo,

7 2291 97 2376 {uod
118 2310 216 2376 saepe
235 2291 477 2375 reprehenditur
499 2291 636 2355 inlibris
648 2291 789 2374 Regum,
808 2295 864 2356 ubi
881 2295 978 2356 etiam
997 2293 1038 2356 de
1053 2294 1177 2358 sanetis

7 2399 141 2479 regibus
163 2397 294 2460 dieitur:
330 2405 363 2459 et
384 2397 463 2460 feeit
493 2379 612 2459 bonum
646 2415 753 2460 eoram
775 2395 931 2478 Domino,
964 2406 1176 2460 veruntamen

7 2500 144 2566 excelsa
181 2522 245 2565 non
287 2501 435 2588 abstulit,
478 2499 584 2564 adhue
626 2501 710 2562 enim
754 2502 892 2585 populus
922 2501 1109 2565 immolabat
1142 2505 1178 2564 in

7 2605 161 2669 excelsis.
190 2607 337 2670 Fuerunt
358 2607 444 2670 enim
466 2605 624 2689 quaedam
645 2608 721 2669 ioca
740 2607 774 2667 in
797 2613 884 2668 terra
903 2591 1025 2689 renota,
1047 2610 1081 2670 in
1102 2610 1179 2691 qui-

7 2713 74 2776 bus
96 2711 247 2794 quaedam
269 2712 487 2776 memorabilia
507 2711 596 2774 fecta
621 2713 756 2775 fuerunt
777 2719 909 2795 peraeta
930 2732 950 2776 a
970 2711 1120 2796 Domino,
1143 2720 1177 2774 at

9 2819 46 2880 in
77 2817 187 2900 quibus
217 2825 292 2878 anta
323 2818 434 2899 templi
461 2817 716 2880 aedificationem
741 2817 907 2881 ooiebetur
936 2818 1110 2901 Dominus,
1144 2825 1177 2880 et

12 2921 129 2984 hostiis
150 2919 350 3002 placabatur,
377 2920 462 3003 quod
484 2923 570 2986 feoto
591 2920 713 3004 templo
737 2941 802 2986 non
824 2922 923 2986 lieuit.
946 2923 989 2988 Ut
1011 2907 1071 2987 fuit
1084 2921 1176 2986 loeus

14 3024 98 3108 Syio
118 3031 148 3086 et
168 3022 320 3110 Galgeirt,
341 3034 374 3086 et
396 3044 489 3088 mons
512 3025 649 3109 Oliveti,
672 3034 706 3088 et
729 3025 822 3090 loeus
845 3011 1032 3092 coloniae
1051 3027 1177 3110 Singu-

16 3131 124 3193 lariter
144 3139 246 3194 temen
277 3131 311 3194 in
333 3131 395 3194 hoo
416 3131 547 3195 excelso
578 3132 718 3214 populus
739 3131 836 3195 nimis
857 3133 1054 3197 immolando
1077 3151 1177 3196 exae-

19 3235 125 3320 debat,
154 3239 225 3320 quie
245 3237 279 3300 in
301 3217 340 3301 eo
362 3236 539 3301 collocatus
578 3236 683 3299 inerat
711 3253 847 3318 serpens
880 3254 1018 3322 oenone,
1050 3237 1090 3300 de
1112 3255 1176 3318 qno

19 3339 392 3422 habeturNumeror.21.,
418 3360 515 3423 quem
527 3338 665 3424 populus
683 3339 820 3402 multum
835 3342 1051 3406 venerabatur
1072 3325 1176 3422 usqua

23 3446 63 3509 ad
83 3455 214 3528 tempora
242 3443 406 3510 Ezechiae
437 3447 542 3528 regis,
573 3443 628 3528 qui
651 3462 725 3505 eum
747 3444 950 3527 comminuit,
972 3451 1009 3508 ut
1030 3443 1174 3508 habetur.

23 3553 55 3616 t.
76 3551 150 3634 lieg.
172 3551 217 3613 ta.

102 3653 341 3718 venerabantur
357 3670 437 3736 ergo
456 3653 580 3741 antiqui
602 3651 707 3716 tooum
729 3653 825 3739 hune,
848 3654 922 3738 quia
934 3653 1177 3720 Melchisedech

28 3761 71 3824 ibi
79 3759 213 3822 Abrahae
233 3759 375 3825 ooeurrit
396 3775 470 3822 eum
487 3777 573 3842 pane
594 3767 627 3822 et
646 3757 747 3842 vin05
769 3767 803 3822 et
823 3759 867 3822 ibi
889 3767 939 3824 eet
952 3764 1048 3828 etiem
1066 3761 1177 3826 mundi

31 3865 170 3948 medium,
189 3864 228 3938 de
250 3864 367 3950 quibue
389 3861 538 3926 omnibus
559 3861 683 3946 patebit
703 3864 823 3931 stetim.

105 3969 206 4054 Porro,
227 3969 302 4032 dum
322 3967 443 4033 Judaei
463 3967 650 4031 emisissent
670 3985 821 4052 regnum,
854 3978 887 4034 et
907 3971 1038 4057 regibus
1060 3971 1177 4034 alieni-

36 4077 167 4155 genieet
191 4073 367 4159 gentilibus
388 4075 662 4158 gubernarentur,
683 4074 739 4161 qui
760 4057 818 4138 eos
842 4073 915 4139 odio
943 4077 1121 4152 habebunt,
1142 4074 1177 4133 in

39 4178 246 4264 displicentiam
255 4177 452 4244 iudaeorum
474 4178 579 4262 looum
588 4177 760 4247 cotronae
781 4177 1008 4272 etGolgethee
1029 4177 1177 4239 feoemnt
