2716 4798
682 214 743 278 132

129 400 215 462 Huic
236 397 372 460 orationi
391 411 492 484 saepe
513 395 634 459 adstiti.
677 399 715 460 ln
736 397 802 460 flue
822 403 930 460 autem
951 395 1089 480 injttnglt
1111 395 1258 460 cuilibet
1278 407 1309 459 ut

130 501 216 566 dicet
249 519 348 564 unum
387 501 484 564 nater
512 511 641 583 noster,
670 511 704 564 et
735 521 833 564 unum
862 502 937 564 Ave
964 501 1072 564 llarie
1101 520 1165 582 pro
1197 503 1307 564 auium

130 613 297 690 parentum
315 603 569 671 &intitulant
592 607 686 668 llaec
706 615 812 670 nutem
837 606 976 688 singulis
993 605 1146 668 noctibus
1167 605 1307 687 faciunt,

130 727 193 774 nec
219 711 381 780 omittunt
421 711 522 775 Porro
556 709 597 773 de
632 713 775 774 oratioue
802 729 862 793 pro
891 711 1079 794 perentibus
1108 708 1145 772 S.
1173 711 1306 776 Juliaui

130 817 353 900 quaemiouem
374 815 488 898 habuit,
509 833 611 900 quare
633 816 803 899 diceretur,
826 817 902 895 quia
921 817 956 878 in
983 815 1137 879 omnibus
1158 817 1304 879 navibus

128 941 187 1006 per
206 939 295 986 mare
315 936 387 984 eam
415 919 525 986 dicunt
546 920 588 983 do
608 939 701 1004 sero,
724 929 757 984 et
777 919 949 1002 dupliciter
968 919 1015 982 fui
1046 918 1087 982 dc
1107 921 1175 983 hoc
1197 921 1303 984 infor-

129 1035 245 1094 matus.
287 1021 425 1104 Quidam
454 1026 620 1108 dixennrt,
649 1025 736 1108 quod
755 1025 813 1088 illa
832 1027 937 1090 oratio
970 1024 1085 1090 dicitur
1106 1025 1144 1086 in
1166 1023 1301 1086 laudem

128 1131 285 1215 Symonis
312 1131 450 1214 leprosi,
476 1131 532 1213 qui
552 1131 642 1212 prius
663 1129 770 1192 dictus
793 1129 854 1195 fust
872 1128 1042 1210 Julianus,
1071 1137 1106 1190 et
1131 1127 1298 1192 dominum

126 1237 266 1319 bospitio
287 1239 441 1318 suscepit,
462 1244 494 1298 et
515 1235 600 1318 ideo,
621 1243 657 1297 ut
678 1233 751 1316 ejus
770 1234 1003 1298 intercessione
1024 1233 1146 1296 benum
1168 1241 1297 1315 portum

127 1349 160 1404 ot
179 1343 298 1405 bonum
323 1341 499 1422 hospitium
521 1339 773 1423 apprehendant,
795 1357 868 1404 cem
892 1337 1018 1408 dieunt.
1045 1337 1100 1400 Ad
1123 1336 1216 1421 qnod
1235 1355 1293 1420 ego

125 1443 209 1508 dlxi:
233 1446 410 1530 quodcum
435 1443 580 1508 dicerent
610 1463 675 1507 nou
695 1445 730 1508 iu
751 1443 883 1508 laudem
900 1442 1029 1526 Sancti,
1057 1441 1119 1506 sed
1141 1463 1204 1525 pro
1225 1445 1295 1504 ani-

126 1551 240 1614 mabus
261 1558 432 1632 parentum
452 1548 487 1612 S.
509 1549 648 1618 Julisnit
680 1558 713 1612 et
734 1551 764 1614 si
788 1549 931 1617 dicerem
952 1567 1010 1630 pro
1036 1548 1123 1610 bono
1151 1548 1291 1630 hospitio

125 1653 290 1735 habendo,
328 1671 429 1735 quare
458 1671 523 1716 uon
552 1657 663 1736 potius
691 1653 836 1716 dicerent
863 1671 936 1715 eam
963 1654 993 1716 b.
1015 1653 1189 1736 Marthae,
1212 1671 1291 1737 quae

126 1759 187 1821 fnit
207 1757 382 1840 singularis
402 1759 681 1842 hospitallomini,
695 1767 728 1823 et
742 1778 806 1824 nau
825 1765 973 1840 poteraut
988 1758 1066 1820 mihi
1082 1758 1289 1841 respondere.

124 1863 194 1926 Alii
214 1861 380 1946 dixeunt,
415 1863 501 1946 qnod
520 1863 608 1928 illam
639 1865 815 1929 oratianem
847 1862 991 1929 dicarent
1011 1881 1070 1944 pro
1099 1864 1288 1944 parentibus

123 1968 158 2052 S.
181 1969 320 2052 Juliaui,
343 1967 469 2052 dequo
486 1967 626 2032 liabetur
645 1971 680 2032 iu
701 1967 800 2050 Spoc.
819 1967 970 2030 Vincent.
992 1967 1079 2030 Part.
1101 1969 1137 2037 2.
1159 1968 1217 2031 lib.
1240 1969 1285 2033 10.

123 2092 194 2158 cap.
218 2074 288 2138 115.
332 2071 395 2149 Qui
416 2091 488 2136 uum
511 2082 601 2136 esset
617 2073 767 2156 juvenis,
796 2073 951 2154 ignorans
970 2072 1134 2136 hiteriecit
1163 2082 1285 2156 petrem

124 2187 158 2240 et
178 2185 427 2242 matrem-suam
449 2178 483 2239 in
504 2177 604 2259 lecto,
624 2186 743 2259 putans
765 2171 900 2242 matrem
928 2195 1005 2243 esse
1025 2194 1117 2240 suam
1144 2196 1287 2260 uxorem,

123 2290 157 2344 ct
189 2290 313 2364 patrem
338 2281 520 2347 adulterum
560 2301 635 2346 uum
667 2300 724 2365 ea,
766 2290 803 2347 ut
833 2290 922 2365 patet
958 2299 1065 2365 supra.
1120 2279 1289 2360 Quomodo

123 2395 230 2452 autem
248 2387 331 2450 haec
352 2387 551 2458 cousuetudo
572 2388 616 2450 sit
633 2385 817 2450 iun-educta
835 2389 1012 2470 ignoratur.
1043 2389 1112 2450 lete
1135 2398 1189 2452 est
1211 2407 1289 2471 ergo

123 2493 201 2556 ordo
220 2493 287 2556 dlvi
308 2493 416 2558 cultus
436 2497 470 2557 iu
492 2495 582 2558 mari.
617 2492 740 2557 'l'amen
758 2501 887 2575 praeter
907 2493 966 2556 illa
984 2491 1103 2556 multae
1124 2496 1291 2558 orationes

124 2597 205 2660 fiunt
227 2616 248 2660 e
268 2598 449 2680 peregrinis
472 2597 530 2660 die
570 2614 609 2660 ac
636 2605 740 2662 nocte.
772 2600 835 2662 =Et
862 2605 1033 2682 postquam
1072 2597 1113 2659 ad
1147 2599 1292 2683 aliquem

121 2710 248 2784 portum
280 2702 461 2783 applicant,
496 2701 709 2768 devotissime
740 2721 854 2768 omnes
883 2701 932 2764 ad.
953 2701 1126 2766 ecclesiam
1156 2713 1294 2768 currunt

121 2823 182 2888 pro
208 2805 324 2868 iliosis
354 2804 534 2871 audiendis.
575 2804 629 2868 lte
655 2807 871 2876 celebratione
898 2815 1012 2870 autem
1042 2805 1228 2872 dominicae
1260 2818 1293 2871 et

122 2910 335 2976 festivitatum
362 2911 396 2974 iu
425 2912 524 2993 mari,
555 2908 627 2974 dieo
648 2910 736 2993 quod
755 2912 901 2994 pessime
922 2921 1107 2977 servantur.
1152 2912 1293 2977 Indubi-

121 3023 222 3078 tatum
244 3015 328 3076 enim
348 3015 410 3077 init
431 3015 465 3077 in
486 3035 555 3098 me,
589 3016 668 3098 quin
689 3008 836 3081 diabulus
856 3016 1063 3099 singulariter
1084 3027 1292 3101 cooperetur,

119 3117 156 3184 ut
178 3118 332 3182 festorum
363 3121 537 3183 celebritas
565 3119 673 3185 debita
702 3121 904 3203 impediatur.
946 3123 1070 3194 Notavi
1089 3123 1153 3186 hoc
1172 3140 1291 3207 saepe,

121 3224 208 3309 quod
228 3240 357 3308 semper
377 3224 516 3307 majores
535 3224 775 3308 inquietudines
795 3237 871 3291 sunt
889 3228 922 3290 in
936 3228 1074 3293 navibus
1094 3229 1129 3290 in
1150 3227 1292 3292 sollem-

119 3332 291 3414 nitatibus,
323 3347 419 3415 quem
447 3331 543 3396 alies:
575 3339 609 3392 et
630 3330 771 3414 quamdo
789 3335 819 3394 4.
843 3341 898 3396 ant
917 3332 948 3394 5.
972 3331 1095 3401 (liebus¹
1119 3333 1153 3394 in
1175 3332 1290 3416 aliquo

118 3445 213 3518 portu
233 3439 397 3520 stetimus,
420 3437 530 3503 statim
553 3444 591 3499 ut
610 3453 750 3518 vespera
771 3438 920 3503 sabbathi
945 3437 1096 3521 aduenit,
1124 3438 1290 3518 profectio

119 3541 301 3624 parebatur,
315 3557 398 3622 quae
415 3560 481 3604 nou
495 3541 644 3604 nisicnm
663 3542 847 3623 ingentibus
864 3543 1026 3609 laboribus
1042 3542 1289 3608 etelauroribus

118 3644 307 3726 parabatur:
340 3662 404 3726 qua
433 3655 562 3729 parata,
594 3665 654 3728 per
679 3654 778 3710 totam
807 3656 938 3713 noctem
965 3649 1159 3728 navigatur,
1188 3647 1289 3710 etin

117 3745 278 3812 dominice
327 3748 416 3812 nulla
447 3750 554 3814 Missa
584 3752 729 3816 habetur.
783 3753 858 3816 liae
889 3751 970 3815 adeo
1002 3752 1190 3834 frequenter
1226 3753 1289 3816 luit

119 3851 252 3916 lactum·
270 3853 304 3916 in
334 3854 488 3936 natibus,
519 3856 553 3918 in
583 3859 701 3938 quibus
738 3875 801 3941 ego
828 3857 892 3940 lui,
927 3875 967 3918 ac
994 3858 1024 3920 ei
1052 3875 1095 3920 ex
1124 3853 1289 3920 industria

118 3956 220 4019 lieret.
263 3958 366 4021 'lanto
387 3959 538 4022 edomia
565 3963 639 4042 ipsa
668 3964 745 4026 navi
767 3972 844 4028 sunt
870 3961 1011 4044 majores
1043 3969 1078 4024 et
1096 3963 1286 4044 grossiores

118 4061 263 4146 labores,
284 4071 404 4147 quanto
426 4063 498 4126 dies
517 4073 595 4128 snut
626 4068 819 4149 sanctiores,
854 4075 890 4130 nt
915 4067 1038 4148 patebit
1057 4066 1092 4128 in
1111 4082 1283 4148 processu.

118 4163 190 4246 Ego
211 4165 326 4231 solitus
348 4167 395 4229 ini
416 4168 450 4228 iu
470 4169 547 4229 nevi
575 4185 758 4234 sermonem
789 4171 899 4236 facere
927 4170 1040 4234 diebus
1069 4169 1282 4254 solemnibus,

124 4265 197 4348 (51
208 4268 273 4352 Δ),
294 4269 355 4336 sed
379 4287 463 4352 quae
484 4271 561 4334 mthi
582 4273 787 4353 contigerunt
816 4276 852 4338 iu
872 4275 934 4336 hoc
963 4293 1061 4358 opere
1087 4275 1142 4356 pio
1173 4275 1281 4338 dicam
