2608 4842
694 10 759 77 ata·

141 191 268 276 uun,
289 189 411 256 sedens
429 193 462 256 in
484 189 637 259 csthedra
657 188 693 256 S.
712 188 878 275 Helenae,
894 191 947 256 de
977 205 1066 274 qun
1090 186 1272 270 superium

140 301 260 366 cenem
281 297 346 362 feci
368 297 423 361 fol.
448 297 519 361 tlh
542 297 583 362 n
758 321 760 328 ’

138 529 198 606 De
224 529 357 608 Officio
390 528 570 607 doninice
595 529 632 604 in
663 527 842 605 deminico
875 525 1121 629 sepulchro
1173 525 1300 614 celebr

305 649 416 730 etde
441 649 550 726 mode
580 647 812 746 celebrandi,
849 649 978 726 etde
1022 645 1199 723 ordine.

225 834 270 898 llt
300 843 418 897 autem*
434 807 634 894 factumest
649 833 756 896 noctis
777 830 927 912 medium,
948 823 1139 894 sacriste
1163 845 1239 889 cnm
1259 825 1298 886 nh

143 939 252 1023 lignea
273 937 419 1004 cucurrit
445 956 505 1019 per
525 937 698 1020 templum,
721 947 754 1000 et
768 945 892 1018 *magne
912 935 1089 1018 strepitu
1119 931 1171 994 ad
1195 931 1300 994 menn

142 1047 273 1128 signnm
295 1043 393 1108 dedit.
446 1037 601 1118 Quodn
632 1041 751 1123 andivi,
767 1077 769 1080 -
784 1043 895 1104 statim
924 1037 1121 1121 recondi,
1162 1045 1201 1098 et
1223 1019 1300 1102 nortl

142 1149 304 1214 confessis
325 1148 421 1212 alium
443 1145 516 1228 (B)
540 1147 653 1210 horem
674 1148 791 1230 statui,
819 1164 884 1230 qne
905 1147 974 1208 eos‘
995 1145 1149 1208 audire
1172 1139 1290 1218 vellen,

141 1256 310 1336 ingressus
331 1253 524 1334 sacristiam,
549 1270 635 1335 qnae
657 1261 710 1314 est
731 1251 857 1333 capella
877 1251 996 1313 bertae
1017 1247 1205 1331 Virginis
1222 1243 1300 1322 aenei

142 1358 232 1422 indui
254 1377 307 1420 me
338 1356 380 1419 nd
400 1358 540 1420 Missum
563 1356 791 1419 celebrandam
813 1356 929 1437 (habet
949 1357 1058 1418 enim
1088 1352 1245 1415 ecclesie
1260 1343 1300 1409 nl

142 1465 228 1526 sicut
258 1471 292 1522 et
322 1462 622 1541 Bethlehomitanu,
659 1461 880 1544 priuilegium,
912 1460 1001 1542 qnod
1047 1476 1206 1540 semper
1235 1452 1300 1514 mein

141 1565 290 1628 noctibus
305 1575 444 1647 possunt
461 1567 784 1648 commenditum),
806 1574 939 1648 paretes
957 1585 1049 1649 ergo
1079 1561 1188 1626 exivi
1201 1562 1232 1621 in
1247 1551 1300 1617 saul

141 1671 304 1734 tissimum
333 1668 531 1734 dominicum
573 1671 796 1754 sepulchrum,
836 1681 869 1733 et
898 1673 1044 1754 primunr
1083 1673 1130 1732 in
1165 1686 1205 1728 eo
1235 1663 1294 1724 loen

141 1773 326 1840 celebrandi
347 1793 421 1838 cum
451 1776 560 1858 quiete
590 1777 705 1859 hebui,
739 1785 772 1837 et
790 1775 934 1857 jucunde
956 1776 999 1838 de
1023 1773 1213 1844 domina
1230 1783 1296 1828 rull·

141 1883 286 1946 rectione
306 1879 480 1951 celebravi.
509 1879 579 1942 Sub
600 1881 707 1944 Misso
727 1899 800 1944 mea
825 1881 953 1964 aliquos
974 1883 1018 1944 de
1039 1879 1222 1944 nobilibus
1238 1843 1300 1931 urb

141 1987 307 2050 municavi
321 1987 355 2047 iu
369 1993 578 2054 monumento
587 1994 708 2048 sancto*
717 1985 759 2048 de
778 1987 1007 2052 commissione
1022 1985 1145 2069 patris
1168 1971 1290 2042 andri

139 2092 222 2155 Post
242 2109 295 2153 me
315 2089 370 2150 alii
390 2089 577 2152 sacerdotes
608 2089 650 2150 nd
670 2091 796 2152 Mlssee
817 2091 1075 2156 celebrationem
1100 2085 1285 2151 acoessernl

143 2200 178 2260 in
199 2205 313 2261 sencto
333 2194 507 2278 sepulchro
528 2204 562 2256 et
590 2195 623 2258 in
646 2195 720 2268 aliis
743 2199 847 2262 tribus
878 2198 976 2281 heis,
1010 2205 1047 2261 nt
1073 2193 1154 2259 dixi
1184 2186 1231 2252 fol.
1250 2179 1288 2244 ill

141 2305 182 2366 Δ.
203 2307 238 2366 in
257 2305 291 2374 6,
313 2303 402 2366 artic.

228 2410 289 2472 hist
321 2415 431 2470 temen
469 2423 528 2489 pro
561 2406 634 2470 loco
665 2410 771 2470 sancti
809 2407 974 2490 sepulchri
1012 2407 1126 2489 major
1156 2389 1279 2464 conteuti

143 2514 363 2594 mendorum,
395 2521 428 2574 et
455 2511 629 2596 praecipue
661 2513 792 2596 quande
824 2522 900 2576 sunt
922 2512 1048 2594 plures.
1097 2509 1197 2573 Stant
1225 2497 1277 2560 elil

143 2629 219 2682 ente
239 2617 444 2699 sepulchrum
470 2626 504 2677 et
522 2627 714 2700 exspectant
735 2617 962 2699 celebrantem,
976 2617 1032 2698 qui
1054 2615 1137 2679 dum
1160 2611 1199 2673 ab
1213 2597 1276 2666 nrm

146 2720 299 2800 discedit,
321 2721 431 2782 stetim
458 2719 541 2782 alius
563 2723 705 2806 accedit,
727 2732 761 2786 et
782 2721 944 2804 dumille,
967 2721 1022 2802 qni
1043 2713 1275 2792 celebramus

144 2826 232 2890 enuit
253 2823 356 2885 sacris
377 2825 539 2907 vestibus,
561 2836 668 2890 ostent
690 2829 751 2892 sibi
773 2829 914 2911 quinque
937 2834 992 2888 out
1011 2842 1090 2907 sex,
1115 2829 1172 2888 ant
1187 2815 1270 2899 plnres

142 2933 198 3016 qui
218 2945 331 2992 omnes
352 2930 553 3000 contendunt
575 2934 723 3016 accipere
745 2933 877 2996 easdem
894 2939 1026 3010 uester,
1052 2939 1086 2991 et
1108 2931 1183 2993 dum
1200 2919 1272 2982 ellim

142 3033 288 3118 deponlt,
309 3049 422 3095 omnes
451 3051 513 3100 sex
534 3046 589 3099 eut
610 3034 721 3118 plnres
745 3051 816 3098 earn
837 3035 1081 3118 apprehendunt
1103 3044 1138 3098 et
1167 3025 1267 3092 tmltlb

141 3151 174 3208 et
192 3139 359 3206 offendunt
378 3154 416 3202 se
436 3139 531 3223 ipsos
553 3142 663 3204 verbis
684 3142 718 3202 in
736 3149 877 3224 nutum,
906 3140 993 3224 qued
1022 3141 1118 3222 quasi
1140 3117 1270 3218 nullut*d

139 3249 277 3313 verbere
307 3243 497 3329 procednnt.
541 3244 619 3308 Vidi
640 3246 689 3308 sic
717 3255 879 3308 certantes
906 3249 941 3311 in
966 3253 1092 3309 tmrmm
1119 3240 1265 3308 connum

140 3353 227 3435 qued
255 3371 340 3414 unns
381 3342 535 3414 sacerdes
568 3347 697 3414 dicebat
742 3350 851 3414 elteri:
899 3353 1027 3417 dimitte
1073 3352 1151 3416 mihi
1179 3345 1269 3406 valen

140 3456 347 3526 econtrario
370 3456 455 3524 alins
478 3455 620 3519 dicebat:
643 3473 705 3538 ege
727 3472 798 3516 eam
819 3459 950 3539 tenebo,
972 3465 1008 3520 tu
1028 3475 1093 3520 nen
1113 3475 1152 3518 es
1171 3451 1262 3528 signu,

139 3566 176 3622 ut
195 3579 248 3621 me
267 3560 454 3642 praecedes.
489 3561 585 3624 Alius
606 3559 787 3642 respondit:
820 3570 852 3622 ct
872 3568 910 3624 tu
931 3579 995 3626 nen
1017 3579 1058 3624 er
1076 3561 1188 3644 dignu·
1204 3546 1264 3616 ⁰⁰¹⁰·

141 3664 299 3747 brutione,
321 3665 396 3726 ideo
417 3673 453 3726 te
473 3665 683 3748 praecedam,
706 3665 781 3748 qnie
801 3663 930 3747 dignior
949 3682 1039 3748 snm,
1060 3683 1154 3749 qnam
1172 3671 1206 3724 tu.
1233 3646 1259 3709 Ε*

139 3767 222 3831 inter
242 3769 323 3832 haec
349 3783 453 3848 usque
475 3767 516 3830 ad
537 3771 642 3853 turpia
673 3771 848 3851 improbrie
867 3779 900 3831 et
921 3769 1163 3836 meledictiones
1179 3771 1260 3849 prout·

141 3872 275 3952 (lebant,
302 3868 468 3932 trahentes
498 3872 604 3936 albem
632 3877 726 3958 qnasi
753 3873 926 3958 usquead
954 3873 1169 3956 diruptionem.
1199 3866 1255 3929 Em

138 3974 213 4056 quis
233 3987 373 4055 unquam
386 3974 509 4036 audivit
528 3975 667 4058 litigium
686 3980 954 4044 irrationabilius!
978 3979 1007 4041 0
1027 3989 1145 4061 quinta
1157 3973 1252 4042 tnuitu
1299 3965 1300 3970 ’

141 4086 262 4161 quante
291 4075 471 4152 temeritas,
498 4088 618 4154 quante
651 4083 808 4148 coecitas!
847 4082 1017 4163 Judicevi,
1053 4083 1103 4146 sie
1137 4081 1249 4164 litignllls
