2768 4780
712 193 777 260 296

157 381 313 446 calamum
333 395 406 442 nrm
427 377 565 461 spongia
586 385 619 440 et
632 379 739 443 omnia
758 377 982 462 instrumenta,
996 378 1114 462 qulbus
1124 377 1176 442 usi
1198 378 1329 442 inerant

156 489 190 553 in
212 485 418 548 emetnxtone
439 481 561 546 Christi
582 490 616 546 et
637 481 770 546 dnbnrm
791 482 970 565 latronum,
997 501 1082 568 qnae
1109 485 1219 548 omnia
1251 501 1328 546 cum

157 590 326 674 crucibus,
356 597 518 672 tamquam
541 585 735 671 immunde‚‘
754 589 788 650 lu
819 587 925 650 locum
955 585 1168 670 proiecerant.
1228 587 1327 650 Hanc

155 711 283 758 sacram
300 693 496 776 speluncam
514 692 788 756 circumuecti-ns
816 710 890 757 enm
918 694 1067 758 centibus
1098 701 1133 756 et
1163 691 1327 775 laudibus,

154 800 321 863 inventam
348 797 394 862 ibi
422 813 552 862 crucem
582 794 775 878 laudandae,
808 806 843 860 ct
870 797 990 881 sirtguli
1021 797 1182 880 provoluti
1214 797 1326 862 loenrn

154 903 333 970 deoecnlati
364 919 494 984 sumus,
522 910 556 965 et
586 898 806 986 indulgentiae
826 903 908 987 (st)
929 903 1095 988 pledanae
1122 902 1328 968 tunsionis

156 1010 355 1092 accepim.

239 1113 340 1178 Porro
360 1112 394 1175 in
411 1111 475 1174 loci
495 1109 583 1176 illius
603 1109 843 1176 deosculatione
863 1112 1028 1174 witelmus
1051 1111 1179 1176 dulcem
1201 1112 1330 1194 spirare

157 1217 287 1284 odorem
307 1237 352 1284 ex
368 1235 480 1302 specu,
501 1236 544 1280 eu
566 1235 630 1298 quo
651 1215 749 1280 odore
769 1215 941 1298 plurimum
950 1217 1123 1299 redimi,
1143 1215 1330 1298 confortati,

157 1334 190 1388 et
209 1323 369 1388 consolati
390 1323 519 1404 inimus,
540 1341 598 1404 pro
619 1340 668 1404 eo,
688 1321 774 1405 qnod
787 1323 955 1406 percipere
966 1325 1147 1388 meruimus
1171 1321 1329 1404 reliquias

155 1429 244 1494 illius
266 1427 444 1492 dulcissimi
465 1427 583 1508 odoris,
603 1427 722 1510 quiex
744 1445 784 1492 ee
804 1441 907 1510 specu
929 1421 1100 1508 'exbaluit‚
1122 1427 1198 1490 durn
1219 1425 1328 1490 Judas

156 1532 312 1612 Quirinos
334 1531 459 1596 fodiens
480 1549 578 1615 snper
599 1548 728 1596 crucem
752 1531 853 1614 venit,
875 1541 910 1596 ot
932 1531 1051 1618 legitur
1074 1533 1117 1595 de
1133 1531 1331 1599 inventione

157 1640 265 1704 crucis
285 1646 430 1700 sanotae.

240 1743 411 1806 Horrililis
442 1750 494 1805 est
525 1741 618 1805 locus
645 1741 700 1804 ille
731 1750 763 1804 et
784 1740 963 1824 profundus
990 1743 1027 1806 in
1053 1741 1196 1824 rupibus.
1258 1738 1328 1804 Sed

156 1847 316 1932 quemodo
338 1865 454 1914 cruces
475 1857 541 1911 tam
562 1845 724 1930 profunde
742 1847 776 1910 in
797 1848 927 1912 viscem
948 1845 1328 1912 terreeluerintimmer·

156 1971 225 2038 sae,
247 1953 345 2017 ieeile
363 1963 414 2016 est
432 1952 545 2018 videre
557 1953 614 2035 illi,
634 1953 689 2036 qui
710 1952 854 2018 civitatis
875 1960 1011 2016 sanetae
1027 1953 1193 2036 antiquam
1214 1949 1329 2033 dispo-

155 2058 305 2122 sitionem
327 2060 393 2122 soit
412 2067 445 2121 et
466 2059 554 2142 legit.
598 2058 744 2141 Antiqua
772 2076 912 2140 namque
944 2057 1060 2122 civitas
1088 2055 1275 2121 damoclem
1310 2073 1330 2118 a

155 2171 249 2246 parte
267 2162 462 2246 occidentis,
489 2164 544 2226 ubi
570 2165 745 2228 crucifixus
769 2162 1038 2245 sennonteus,
1060 2171 1132 2228 eret
1165 2162 1331 2246 protunda

156 2269 313 2351 voragine
334 2270 439 2332 docta
450 2313 460 2350 ,
480 2286 566 2352 quae
578 2269 618 2332 ab
641 2278 751 2334 austro
762 2267 795 2332 in
818 2267 1001 2350 aquilonem
1019 2267 1272 2350 protendebatur
1280 2265 1327 2334 ed

157 2372 390 2456 longitudinem
411 2373 564 2438 civitatis.
587 2375 629 2438 lit
650 2374 715 2438 ista
734 2391 857 2456 vorago
879 2391 944 2436 non
966 2372 1025 2436 init
1045 2382 1126 2455 erte,
1148 2372 1207 2436 sed
1226 2381 1330 2436 tratu-

157 2478 276 2558 raliter,
296 2497 354 2560 pro
375 2477 519 2540 civitatis
541 2478 665 2542 fossaio
685 2478 873 2560 scopuliset
892 2480 1026 2564 rupibus
1046 2496 1124 2542 sese
1145 2478 1329 2561 respicien-

158 2583 246 2648 tibus
265 2586 306 2646 ab
326 2589 464 2665 utraque
483 2591 577 2664 parte
610 2584 783 2666 voraginis.
832 2583 941 2666 Super
969 2585 1140 2660 interiores
1171 2583 1330 2666 scopulos

156 2697 191 2752 et
210 2695 320 2772 petrae
347 2695 417 2750 erat
444 2705 554 2750 murus
581 2689 724 2755 civitatis
755 2686 827 2771 (B)
855 2687 1111 2771 circumductus,
1144 2691 1329 2752 exteriores

156 2813 236 2857 vere
256 2811 355 2875 rupes
375 2791 559 2860 eminebant
579 2794 613 2862 in
633 2795 775 2859 civitatis
797 2794 1012 2858 munitionem.
1064 2795 1328 2877 Interseopolos

157 2905 263 2960 autem
285 2897 463 2958 exteriores
485 2895 652 2962 dicebatur
673 2915 758 2962 unns
789 2897 982 2982 calvaries,
1011 2908 1044 2962 et
1075 2899 1168 2964 locus
1195 2900 1256 2962 sub
1286 2919 1328 2962 eo

158 3001 331 3086 Golgnhe.
363 3003 406 3072 Εἰ
423 3001 457 3066 in
476 3001 627 3068 Calvario
648 3004 824 3068 crucifixus
845 3011 897 3068 est
919 3002 1079 3067 Dominus
1101 3023 1175 3070 cum
1198 3003 1328 3068 duobus

155 3106 240 3189 eliis,
261 3107 378 3190 quibua
396 3124 418 3168 a
438 3107 587 3172 crucibus
605 3109 721 3174 solutis
738 3112 831 3194 ipsas
848 3109 1009 3180 crucesin
1029 3110 1219 3192 voraginem
1235 3107 1327 3182 illam

155 3211 358 3296 projecerunt
380 3230 453 3277 cum
473 3213 545 3280 aliis
565 3214 789 3284 instrumentis
810 3213 1045 3295 crucifixorum,
1061 3212 1326 3296 qniaDalvarius

154 3319 261 3382 stabat
282 3335 381 3402 snper
400 3319 579 3402 marginem
601 3321 779 3403 voraginis,
802 3329 836 3382 et
857 3339 922 3383 non
952 3318 1039 3384 aliud
1067 3319 1233 3401 fecerunt,
1260 3313 1326 3382 nisi

154 3422 240 3508 quod
261 3441 376 3488 crocos
397 3423 439 3487 de
457 3424 667 3490 foraminibus
686 3435 798 3509 petrae
819 3433 1044 3506 extraxerunt,
1076 3433 1112 3488 et
1140 3426 1175 3488 io
1194 3423 1326 3488 loveam

81 3571 83 3576 ,
154 3527 456 3613 praecipitaverunt,
484 3531 569 3594 sicut
589 3539 622 3594 et
643 3531 726 3594 alus
758 3529 975 3594 immunditiae
1001 3531 1034 3593 in
1066 3549 1139 3593 eam
1165 3528 1325 3612 projicere

153 3631 312 3714 sciebant,
332 3635 449 3716 quibus
468 3653 584 3701 cruces
602 3643 677 3718 post
697 3633 858 3699 medicum
878 3644 1009 3718 opertae
1031 3635 1174 3718 namn,
1190 3633 1324 3716 quiade

155 3755 245 3800 muro
270 3739 411 3802 civitatis
442 3742 574 3806 cottidie
590 3739 809 3804 immundities
832 3740 1023 3807 effuderunt.
1072 3742 1209 3804 Domum
1237 3757 1323 3802 anno

152 3839 257 3908 xnn.
278 3851 353 3924 post
373 3846 555 3926 passionom
576 3843 717 3930 Christi,
739 3864 813 3910 eum
834 3848 928 3912 'litos
950 3847 1135 3912 Jerusalem
1152 3851 1322 3924 everteret,

153 3944 266 4028 projici
280 3946 358 4010 iecit
380 3967 488 4014 muros
517 3959 551 4016 et
582 3960 688 4014 turres
709 3952 755 4015 ibi
787 3953 822 4014 ln
852 3956 1043 4037 voraginem
1070 3954 1176 4035 illem,
1208 3957 1242 4014 et
1276 3949 1322 4012 ita

153 4051 285 4116 cottidie
315 4071 430 4116 cruces
458 4055 563 4138 magis
591 4073 631 4118 ac
659 4058 765 4140 magis
791 4060 1026 4140 operiebantur.
1081 4055 1213 4122 Deinde
1246 4063 1320 4137 post

153 4155 311 4220 LXXVll
330 4175 432 4220 annos
453 4161 545 4224 venit
574 4159 691 4224 Helius
705 4160 871 4226 Adrianus
893 4166 1078 4247 imperator,
1101 4170 1136 4226 et
1157 4163 1191 4226 in
1213 4159 1319 4226 odium

154 4257 407 4330 Christianorum
430 4262 613 4330 aedificavit
634 4267 669 4330 io
691 4257 854 4352 Golgethe
887 4270 1041 4356 templum
1062 4271 1320 4354 spurcissimum,
