2792 4778
714 17 724 58 l

692 203 757 268 tuo

142 381 326 457 intellectus
346 387 462 450 beatae
484 383 635 468 Virginis
656 383 718 448 tuit
738 379 969 447 mundissimus
994 400 1014 444 a
1034 381 1220 464 phantasiis
1240 381 1314 446 inu-

141 493 269 574 tilibus3
290 488 364 556 ideo
385 489 620 573 peregrinando
642 487 833 554 merebatur.
863 487 1016 552 Sacuutla
1041 487 1139 552 ratio:
1164 486 1315 552 ubicum-

143 619 206 683 que
228 593 309 666 ra'tio
329 615 394 660 non
421 592 539 678 potest
551 594 584 657 in
606 593 820 682 discernendo
855 612 981 678 errare,
1012 602 1044 656 et
1072 591 1230 656 voluutas
1250 611 1314 656 non

141 711 249 787 potest
269 701 390 785 eligere
420 699 535 784 rlrulta,
564 697 625 764 sed
646 701 737 782 eligit
762 677 909 764 ultimum
933 709 965 764 ot
986 700 1159 784 optimum,
1186 707 1314 764 utrum·

141 827 206 893 que
226 809 338 873 borum
361 805 449 870 fnit
439 824 473 868 ru
494 806 590 870 beato
610 803 764 888 Virgiue;
786 804 860 868 ideo
882 804 998 868 dicitur
1012 805 1125 868 Lucae
1143 805 1204 868 Χ.ι
1229 805 1316 888 opti·

142 931 227 978 mam
248 921 371 996 partem
393 909 493 992 elegit
514 910 575 972 sibi
596 906 700 972 Maria
722 916 784 974 etc.
828 911 952 974 Tertio:
983 905 1162 994 Apostolus
1181 910 1211 974 1.
1236 907 1312 973 Cor.

141 1017 184 1084 X.
206 1017 301 1080 ‹llcitz
334 1017 407 1081 sive
427 1014 501 1098 (B)
531 1014 734 1078 morrducatis
755 1015 829 1078 sive
857 1014 985 1096 bibitis,
1019 1017 1092 1079 siva
1125 1013 1202 1098 quid
1227 1013 1313 1080 aliutl

142 1121 267 1206 facitis,
298 1121 406 1186 omnia
434 1121 469 1184 in
499 1119 633 1204 gloriam
663 1121 727 1184 nei
754 1121 861 1184 lecito.
915 1110 989 1184 Ho'c
1017 1119 1165 1184 absolute
1200 1119 1313 1184 nullus

143 1226 286 1291 Sanctus
317 1243 450 1290 servare
480 1227 602 1310 potuit,
629 1225 692 1312 nisi
722 1225 909 1310 beatissimo
936 1225 1040 1309 Virgo
1068 1227 1191 1308 Maria,
1231 1242 1316 1309 quaa

145 1333 294 1396 omnibus
317 1329 410 1396 liberi
442 1332 566 1395 arbitrii
597 1333 736 1395 motibus
764 1333 910 1397 virtuose
931 1319 1061 1414 semper
1090 1331 1263 1414 imperavit
1285 1339 1318 1394 et

143 1437 266 1501 meruit.
318 1436 413 1502 Unde
442 1436 549 1501 0dilio
584 1435 678 1506 dicito
710 1435 817 1500 Unum
854 1455 912 1518 pro
941 1443 1030 1499 certo
1053 1436 1176 1504 scimus
1183 1481 1193 1518 ,
1227 1435 1316 1518 qnod

143 1544 247 1606 omnis
275 1543 404 1610 Mariae
425 1532 513 1606 activi
541 1547 670 1625 semper
700 1541 762 1605 fnit
796 1543 920 1604 intentu
951 1542 986 1608 in
1016 1541 1165 1606 Domino.
1220 1540 1317 1605 Unda

141 1643 339 1728 Jarouymus
360 1646 404 1708 'iu
433 1665 586 1712 sermone
616 1646 658 1709 de
683 1647 888 1710 assumtione
920 1645 1013 1714 dicit:
1049 1654 1127 1732 puto
1144 1641 1316 1729 'quidquid
1378 1651 1379 1668 ³

141 1749 249 1824 cordis
271 1761 337 1834 est,
359 1751 513 1835 quidquid
537 1753 669 1816 virtutis
690 1753 859 1834 humanae,
881 1751 910 1812 si
932 1759 1034 1815 totum
1056 1750 1222 1832 adhibeas,
1247 1767 1314 1813 non

142 1854 283 1930 sufficiat
290 1901 301 1940 ,
335 1862 374 1922 ut
394 1857 546 1940 cogitatio
567 1857 687 1940 valeat,
712 1864 834 1938 querito
863 1855 1083 1919 indesinenter
1110 1856 1316 1919 cremabatur

143 1959 257 2027 ardore
277 1960 322 2043 pii
343 1964 484 2047 amoris,
505 1961 660 2048 quantum
691 1960 882 2024 movebatur
903 1961 1033 2044 replere
1053 1960 1177 2042 Spiritu
1196 1967 1313 2026 sancto
1378 2011 1379 2020 ,

143 2065 331 2129 coelestium
365 2059 565 2131 'secretorum
602 2066 840 2149 incitamentis,
877 2066 951 2130 dum
983 2065 1168 2130 revolverat
1205 2067 1316 2128 auimo

142 2178 269 2252 currcta,
291 2189 375 2254 quae
404 2172 567 2255 andierat,
602 2190 687 2257 quae
714 2169 858 2257 viderat,
892 2188 979 2256 quae
1010 2175 1220 2252 cognoverat.
1260 2171 1317 2232 Ex

144 2275 386 2360 quibus-patet,
419 2277 506 2360 quod
533 2279 681 2348 meritum
710 2278 921 2343 beatissimae
937 2276 1241 2362 Vtrgtntsrntorioe
1263 2283 1317 2338 est
1378 2273 1379 2276 ’

143 2380 390 2466 inbxplicablle,
420 2384 544 2466 quod·
534 2403 569 2448 ιιι
600 2385 860 2468 peregrinatione
888 2402 949 2474 sua
986 2381 1192 2468 conquisivit.
1245 2379 1317 2444 {etl

142 2485 287 2572 videtur,
321 2488 420 2571 quoti
438 2489 628 2553 beatissima
648 2489 752 2573 Virgo
780 2489 887 2553 Maria
918 2489 1155 2582 peregrinando
1177 2487 1218 2550 tle
1242 2487 1317 2552 loco
1378 2513 1379 2516 ¹

143 2587 185 2654 acl
214 2591 336 2676 locum,
366 2595 516 2678 quamvis
538 2613 620 2680 opus
652 2597 774 2660 virtute
802 2595 965 2677 exegerit,
997 2593 1183 2658 melioribus
1204 2601 1317 2656 tamen

144 2698 308 2763 exercitiis
342 2702 494 2785 occupari
524 2702 683 2785 potuerit,
721 2702 785 2763 imo
816 2695 1108 2764 denuntiationi
1132 2697 1317 2781 Apostolus

146 2799 233 2866 dicat
258 2803 285 2866 1.
297 2799 370 2866 Cor.
381 2806 447 2870 tu:
469 2805 646 2870 animarum
668 2807 862 2874 charismata
880 2804 1021 2868 meliora
1044 2805 1131 2873 utt
1141 2803 1315 2866 'file.:

144 2905 320 2988 corporalis
353 2910 540 2976 exercitatio
561 2910 603 2974 sd
624 2910 797 2974 modicum
805 2908 894 2972 utilis
917 2917 1000 2992 est,
1015 2910 1119 2993 pietas
1141 2917 1249 2972 autem
1272 2907 1317 2970 ad

146 3011 254 3078 omuio
284 3005 383 3076 votet.
437 3013 558 3078 Potuit
577 3032 658 3113 ergo
685 3015 772 3091 illam
813 3013 1013 3098 corporalem
1045 3014 1316 3080 exercitationem

145 3111 320 3210 dimittere,
354 3125 387 3182 et
407 3134 446 3180 se
466 3117 501 3180 in
529 3119 650 3202 pietate
681 3138 791 3212 purae
811 3120 1091 3203 contemplationis
1124 3127 1160 3182 et
1189 3117 1314 3202 quietis

143 3235 313 3302 occupare
368 3219 489 3288 Notum
529 3223 614 3288 enim
653 3233 720 3307 est,
758 3225 845 3307 quod
887 3233 1066 3308 evagantes
1105 3223 1316 3307 corporaliter

143 3323 365 3394 distrahuntur
385 3327 581 3397 mentaliter.
622 3327 676 3390 An
701 3329 763 3394 hoo
788 3327 980 3415 (licendum,
1010 3331 1097 3416 quod
1123 3329 1317 3394 beatissima

145 3429 249 3514 Virgo
261 3431 376 3502 'llario
395 3433 458 3498 boc
479 3433 645 3516 singulare
671 3433 876 3520 privilegium
897 3437 1026 3521 habuit,
1055 3434 1140 3520 quod
1161 3434 1258 3498 simtu
1280 3444 1317 3498 et

143 3534 242 3602 simul
263 3529 402 3603 activam
425 3545 459 3604 et
471 3539 759 3623 contemplativam
779 3543 879 3604 vitam
903 3543 1091 3624 exercebat,
1123 3540 1210 3624 qnod
1231 3539 1316 3604 nulli

146 3655 300 3722 umquam
322 3657 515 3728 corncessum
535 3639 817 3708 rennuerunt
839 3647 909 3712 vita
928 3648 1047 3730 activa,
1069 3645 1142 3712 aliis
1163 3655 1316 3710 coutem-

139 3737 264 3826 plativa
282 3743 488 3855 ¹‹latnr3n11is
507 3757 688 3835 utrumque,
709 3749 770 3816 aad
791 3750 925 3816 alternis
946 3752 1085 3836 vicibus,
1105 3759 1142 3816 ut
1162 3751 1315 3834 Aposto-

141 3845 192 3917 lis.
248 3847 316 3914 Sed
342 3822 566 3929 beatissimae
572 3855 696 3922 Mariae
725 3855 854 3940 Virgini
885 3860 1023 3940 utraque
1058 3864 1111 3920 est
1146 3855 1222 3919 slata
1251 3873 1315 3940 pro

142 3950 256 4019 codem
277 3965 455 4040 momento,
476 3966 514 4020 ut
533 3957 687 4024 videlicet
715 3961 828 4026 inians
856 3961 956 4026 loris
966 3964 1007 4025 ab
1029 3981 1068 4025 ea
1095 3960 1317 4043 aleretur,

142 4053 295 4125 divinitas
316 4061 403 4126 intus
421 4063 706 4150 contemplaretur,
727 4074 760 4130 et
781 4073 817 4130 ut
839 4065 880 4132 tle
899 4066 974 4132 loco
995 4065 1038 4131 ad
1058 4066 1166 4132 locum
1186 4067 1315 4148 migra·

141 4171 208 4246 rat,
240 4173 273 4228 et
294 4165 456 4233 tamenin
481 4165 547 4230 fine
576 4169 700 4232 intanto
719 4168 906 4247 ‚immobilis
943 4173 1141 4255 persisterat.
1187 4169 1316 4234 Dicunt

141 4266 226 4330 anim
260 4275 441 4351 praecones
471 4269 581 4336 devoti
613 4273 729 4336 beatae
749 4273 917 4360 Virginis,
961 4274 1049 4360 qnod
1080 4277 1154 4365 ipsa
1186 4275 1221 4340 iu
1252 4273 1313 4344 itto
