2608 4842
726 51 790 119 314

169 253 278 318 unum,
299 239 336 296 ut
356 231 412 296 ille
426 232 479 296 die
494 247 591 295 unam
600 229 738 296 Missam
759 251 817 316 pre
833 252 871 296 se
885 235 1053 298 celebret
1079 237 1117 296 in
1138 241 1282 314 sanctone

169 341 258 420 chre,
280 347 313 400 et
333 336 381 399 illl
403 339 502 401 etiam
526 346 676 401 conatum
698 335 823 400 faciunt
844 357 1011 422 magnum
1053 339 1106 400 Et
1129 337 1196 402 hec
1214 337 1285 398 mnltt

170 444 337 526 contingit.
344 441 456 526 Aliqui
466 444 563 506 etiam
574 443 717 526 religiosi
729 462 749 505 a
759 445 830 506 sule
839 445 1007 528 praelatis
1023 444 1167 506 habeut
1177 446 1303 506 comnis

170 569 260 630 nem,
288 557 326 611 ut
345 556 393 610 tut
419 551 542 612 Missus
562 548 596 612 in
619 557 734 612 senem
764 549 936 632 sepulchre
967 548 1180 612 celebrent.
1218 549 1252 608 ltt
1267 549 1304 607 tlt

170 656 203 716 in
225 671 358 716 recessu
379 669 401 714 a
426 653 496 716 suis
516 653 602 717 caris
624 660 657 714 et
679 653 793 716 amicis
827 655 1037 736 premittunt
1067 654 1148 736 eis,
1186 651 1258 734 quel
1272 651 1296 712 rt

170 759 292 823 ltratnri
313 758 432 822 sintin
460 756 636 840 sepulchre
667 757 829 820 deminico
849 775 908 841 pre
931 759 996 820 eis.
1054 759 1111 820 Hi
1139 775 1248 820 omnes
1270 757 1300 816 is

171 873 287 928 nautor
306 882 365 946 pre
388 861 460 925 leco
492 861 701 924 centendunt.
746 863 823 926 Alia
847 873 1059 945 causaest,
1091 870 1133 924 et
1162 863 1241 923 torte
1255 877 1303 940 suprx

171 971 307 1033 stitiesa
341 967 468 1030 Dicitur
496 968 596 1049 enim,
627 966 713 1052 quod
742 967 783 1030 de
807 969 951 1052 qualibet
981 970 1118 1031 Missa
1153 969 1188 1028 in
1209 964 1303 1047 sepult

170 1073 330 1137 dominico
350 1071 448 1156 dieta,
469 1071 624 1134 liberetur
646 1079 733 1134 certe
753 1073 918 1136 animaris
937 1073 1169 1157 purgatorie.
1191 1070 1243 1134 Sic
1274 1098 1293 1117 “

171 1177 288 1242 dicitnr
308 1175 349 1240 (le
374 1177 488 1239 Missis
509 1176 684 1240 celebretis
707 1177 748 1240 ad
770 1179 975 1242 catacumbas
1010 1179 1174 1242 Romae.
1215 1176 1250 1236 ltt
1266 1195 1278 1253 p
1296 1210 1304 1219 ·«

170 1287 265 1368 cipue
286 1283 461 1346 liberentur
487 1281 630 1364 animae,
667 1301 726 1364 pru
759 1284 877 1368 quibus
904 1284 1059 1348 intendit
1099 1280 1266 1346 celebrem.
1297 1282 1304 1325 1

171 1389 227 1471 qni
250 1387 313 1450 hoe
346 1385 496 1468 credunt,
529 1385 627 1448 valde
658 1387 832 1471 festinant,
863 1397 988 1450 etcum
1022 1409 1099 1452 suo
1126 1385 1286 1449 detrimenta

172 1492 304 1556 instrum
316 1489 496 1553 offensione
516 1498 551 1552 et
572 1491 726 1554 scandalo
740 1491 954 1557 saecularium
970 1493 1169 1556 animabus
1181 1501 1300 1553 summm

171 1593 379 1659 centendunt.
403 1593 478 1658 Alia
500 1613 621 1658 caussa
642 1604 710 1660 est:
734 1598 863 1680 quidam
884 1599 1010 1683 putant,
1036 1599 1180 1662 Missas
1199 1595 1230 1656 in
1246 1605 1295 1651 snt

171 1697 343 1780 sepulchre
365 1697 481 1782 dictas,
504 1699 707 1764 efficaciores
730 1721 806 1765 esse
827 1713 891 1768 tam
914 1721 972 1785 pro
993 1723 1050 1787 se,
1075 1720 1184 1788 quam
1207 1714 1253 1780 pm
1266 1691 1296 1750 tl

171 1803 259 1867 vivis
291 1811 324 1866 et
356 1801 535 1887 defunctis,
577 1811 612 1866 et
643 1807 748 1888 magis
772 1808 993 1891 impetrativas
1030 1809 1231 1892 gratiarum.
1265 1795 1297 1855 Ab·

172 1925 290 1972 caussa
311 1917 364 1971 est
391 1910 582 1991 cupitcsites
607 1911 817 1993 quorumdam
845 1921 879 1976 et
911 1914 1161 1994 irreverentia,
1192 1922 1243 1989 qut
1257 1897 1290 1960 nl

173 2014 343 2089 deterunt,
374 2013 435 2075 sed
457 2013 652 2076 antecedere
686 2023 861 2102 conantur,
903 2020 980 2103 quia
1010 2016 1212 2105 patientiam
1231 2005 1295 2070 halen

172 2118 330 2180 nesciunt.
374 2117 451 2180 Alia
471 2135 591 2182 caussa
613 2129 682 2203 est,
714 2139 800 2204 quae
821 2129 874 2186 est
894 2124 999 2207 prima
1024 2135 1063 2190 et
1097 2121 1221 2187 ultima:
1241 2123 1292 2192 pe*

172 2223 258 2306 grini
277 2223 362 2285 bene
388 2223 513 2306 sciunt,
545 2223 632 2308 quod
658 2245 725 2290 nen
747 2228 811 2290 nisi
834 2229 939 2292 tribus
970 2232 1134 2294 uectibus
1156 2226 1188 2288 in
1211 2211 1293 2280 wilfi

173 2329 281 2392 sancti
301 2328 465 2412 sepulchri
492 2347 624 2392 menere
651 2332 897 2415 permittuntur,
926 2353 989 2398 uec
1007 2343 1113 2399 vacem
1135 2331 1183 2392 eis
1206 2330 1290 2398 „mua

174 2433 237 2494 nisi
259 2452 317 2514 pre
347 2436 449 2496 tribus
475 2434 608 2517 Missis,
637 2442 672 2496 et
699 2434 773 2499 ideo
800 2439 934 2520 quilibet
963 2449 1107 2504 cenatur
1127 2454 1167 2500 se
1181 2417 1289 2514 pfl'fflld‘

174 2537 281 2600 Missa
296 2539 330 2600 in
358 2555 452 2602 sacro
482 2539 655 2622 sepulchre
676 2538 813 2603 dicenda
833 2544 1001 2628 expedire,
1033 2553 1072 2609 et
1103 2561 1145 2605 ea
1168 2552 1223 2602 nun
1242 2527 1289 2589 litt

175 2659 240 2704 uon
261 2643 420 2724 quiescit,
441 2645 561 2706 timens
582 2646 644 2708 sihi
666 2643 805 2709 delicere
824 2656 963 2733 tempus,
982 2651 1073 2714 sicut
1095 2661 1194 2726 saepo
1209 2641 1287 2711 tenue

174 2745 283 2808 multis
313 2743 449 2828 defecit,
471 2753 505 2808 et
525 2749 598 2810 sine
625 2751 732 2814 Missa
750 2753 785 2814 ln
805 2761 924 2818 sancte
943 2754 1119 2837 sepulchre
1137 2739 1301 2813 remeent}

174 2866 247 2912 enm
265 2849 403 2912 tristitie
445 2853 564 2936 igitur,
586 2855 672 2918 siem
702 2856 822 2921 dictum
844 2867 912 2940 est,
947 2860 1072 2924 Missus
1094 2845 1298 2940 oeletunntt,

174 2961 207 3016 et
229 2970 302 3016 cum
320 2952 388 3034 jam
410 2956 461 3018 sul
481 2958 635 3042 oriretur,
666 2961 780 3024 iterum
801 2963 940 3027 sacriste
958 2981 1032 3028 cum
1063 2961 1171 3028 tebultt
1195 2939 1301 3015 munit

174 3077 232 3141 per
254 3058 420 3122 circuitum
442 3061 476 3122 in
497 3069 596 3126 totam
619 3065 802 3150 ecelesiam,
821 3075 854 3129 et
874 3070 1002 3152 signnm
1023 3069 1104 3134 tecit
1119 3065 1159 3130 ad
1176 3059 1280 3122 tum*
1294 3047 1298 3120 Ϊ

175 3161 326 3228 Officium
352 3163 393 3226 ad
407 3167 540 3248 primam
563 3175 597 3229 et
619 3171 745 3232 tertiam
766 3175 960 3237 centendunt
982 3177 1016 3238 in
1037 3153 1301 3239 muntthltlfist'

175 3269 392 3334 escendimus
418 3289 496 3355 erge
519 3289 632 3334 omnes
651 3275 685 3336 in
707 3285 848 3340 mentem
881 3289 1047 3364 sanetum,
1083 3289 1116 3344 et
1134 3279 1211 3359 puter
1228 3259 1278 3321 ω’
1296 3310 1298 3344 t

175 3372 291 3436 dianus
312 3393 385 3438 cum
407 3377 476 3439 suis
499 3378 655 3440 ministris
682 3383 788 3444 seems
808 3383 914 3447 induti
935 3384 978 3448 ad
999 3387 1103 3450 altere
1127 3354 1300 3444 mitt*

175 3484 288 3538 cantor
309 3476 459 3542 Officium
486 3480 527 3543 de
548 3491 663 3545 seneta
682 3501 798 3548 eruce:
829 3489 901 3552 Nes
923 3499 1029 3554 antem
1048 3491 1129 3575 gleri
1146 3461 1298 3554 enlllml

173 3580 346 3664 inchoavit,
369 3592 496 3650 etcum
517 3587 591 3651 eltis
612 3591 749 3654 vecibus
771 3597 935 3674 prosecuti
956 3588 1220 3660 eumueortetun
1234 3563 1276 3630 θῶ
1299 3574 1300 3581 ¹

175 3681 292 3746 Officio
314 3692 630 3757 communicaverunt
651 3696 749 3778 (1²1
761 3698 816 3781 A)
839 3699 968 3764 Domini
996 3702 1130 3786 milites,
1161 3697 1188 3754 ⁰²
1203 3681 1271 3746 ΜΨ
1294 3686 1299 3778 l,

173 3791 334 3870 peregrini
359 3795 545 3858 saeculares
574 3817 648 3863 cnm
669 3821 787 3886 magna
807 3803 995 3888 devotione,
1015 3815 1049 3869 et
1067 3781 1273 3892 pretrttlffl
1291 3838 1292 3842 =

173 3889 325 3958 Officium
357 3897 452 3976 quasi
474 3915 579 3981 usque
600 3904 642 3967 ad
679 3908 789 3972 liuram
819 3909 907 3973 Vlll.
938 3919 1013 3974 ante
1040 3907 1200 3981 meridien,
1217 3893 1268 3952 0⁸¹²

172 4005 301 4081 puncto,
323 4015 387 4080 qno
409 3997 583 4086 linlvlmus,
595 4022 754 4074 venerunt
765 4012 935 4077 sarraceni
956 4015 997 4078 ed
1018 4007 1213 4100 expellentur
1224 3999 1263 4053 Μ
