2596 4788
682 175 747 242 358

130 373 236 424 tamen
259 343 417 422 Dominus
447 356 480 417 in
502 355 689 440 Evangelio·
713 359 892 442 exprimere
923 359 1050 442 noluit,
1070 362 1180 424 siout
1212 379 1280 422 nom

129 467 281 550 pauperis
301 463 481 544 expremit,
503 469 634 544 propter
655 481 810 548 cauum,
833 483 930 548 quom
952 467 1046 548 ponit
1066 464 1280 548 Gregorius,

129 573 275 636 oratione
298 567 370 650 qus
390 564 433 630 de
452 565 617 650 parabola.
660 569 727 630 Hic
747 569 892 656 Dodrux,
915 570 1087 634 abundans
1114 576 1164 630 et
1188 568 1280 630 deliri:

130 695 205 759 aus,
233 674 359 738 indrmo
382 690 422 734 ac
451 671 599 734 mendico
620 672 749 736 Lazaro
777 676 879 738 micas
900 693 1036 738 mensae
1059 691 1158 736 suae
1183 693 1280 756 neg-ar

128 799 213 866 quoe
233 781 393 844 cadebant
414 776 455 841 de
473 791 597 840 manaa
640 775 737 840 Hanc
762 777 889 842 domum
911 790 1044 863 propter
1077 779 1215 840 merita
1240 797 1280 861 pu

128 884 217 968 poris
237 881 326 946 illius
355 882 600 964 horroravimus,
624 889 657 944 et
679 882 897 966 indulgentias
925 885 1118 966 recepimus
1149 883 1223 963 st).
1260 885 1280 943 lu

129 1002 230 1072 nuper
254 988 415 1070 peregrini
447 1005 562 1050 omnes
584 992 652 1048 tam
686 986 804 1052 divites
827 1007 921 1071 quam
957 1005 1133 1070 pauperes
1174 987 1279 1067 exempl

130 1093 366 1158 emendationis
387 1090 478 1154 vitae
496 1091 541 1154 ibi
560 1088 757 1176 acecpimus,
773 1093 893 1156 divites
911 1092 945 1154 in
968 1091 1073 1155 divite
1095 1093 1280 1173 voluptuors

130 1207 165 1262 ct
180 1198 215 1262 in
235 1198 361 1263 infirma
379 1193 509 1278 sepulto
525 1196 754 1276 continentiam
767 1205 800 1260 et
822 1197 1079 1261 misericordiam
1100 1197 1275 1259 didieemo:

130 1317 290 1384 pauperes
311 1319 390 1364 vero
411 1300 583 1364 iuhaaaro
602 1318 755 1385 paupere,
775 1301 939 1367 ulceribus
961 1301 1072 1384 pleno,
1085 1310 1124 1362 et
1150 1303 1188 1361 in
1209 1305 1280 1362 sim:

130 1406 283 1470 Abrahae
305 1404 482 1488 deportato,
504 1421 598 1486 spem
619 1415 651 1468 at
672 1409 867 1488 patientiam.
891 1407 943 1468 De
965 1405 1016 1468 his
1040 1405 1193 1486 duobus,
1211 1405 1280 1467 dim:

131 1520 164 1572 et
185 1527 347 1594 paupere,
370 1508 505 1574 habetur
525 1509 636 1572 Lucae
657 1511 747 1576 xvi.
1121 1495 1135 1516 ⁰

130 1755 189 1830 De
219 1755 331 1850 bivio,
350 1757 385 1830 in
414 1737 493 1859 quo,
516 1727 793 1858 angariaverunt
826 1747 1029 1868 sunonem,
1071 1767 1112 1830 ut
1151 1733 1272 1830 tollere:

349 1901 492 1958 crucem
514 1891 599 1982 post
619 1876 768 1970 Jesum,
793 1879 888 1979 quod
911 1889 950 1954 et
974 1877 1078 1956 fecit.

212 2060 437 2125 Processimus
478 2068 512 2122 et
554 2069 790 2143 consequenter
826 2062 862 2124 in
894 2060 999 2124 locum
1032 2058 1207 2136 venimus,
1238 2055 1272 2114 ul:

130 2161 213 2226 duae
234 2165 309 2226 vioe
329 2183 367 2226 se
381 2161 605 2249 intersecant,
628 2172 661 2225 et
682 2182 810 2228 crucem
832 2165 970 2246 iaciunt,
998 2165 1062 2246 ita,
1099 2162 1188 2248 quod
1207 2170 1273 2222 stan

129 2268 162 2330 in
185 2268 289 2332 medio
310 2277 421 2353 potest
441 2268 618 2350 procedere
636 2268 676 2330 ad
700 2287 933 2354 utramcumque
955 2269 1096 2351 plagam.
1145 2265 1271 2332 Cbriatu

131 2383 237 2438 autem
259 2375 291 2438 in
313 2376 375 2438 hoe
396 2371 482 2436 bivio
504 2372 649 2436 existens
671 2392 743 2436 cum
765 2392 862 2438 cruce
879 2374 1062 2437 debilitatos
1082 2373 1157 2454 luit,
1174 2381 1204 2433 et
1222 2389 1270 2430 ean

132 2480 253 2541 remisit
275 2480 315 2541 ad
338 2476 500 2560 paululum
517 2477 746 2559 respirandum.
770 2479 909 2542 Pessimi
930 2487 1035 2540 autem
1055 2475 1179 2538 Judaei
1199 2475 1271 2537 lasti-

132 2580 251 2645 nubant
286 2583 436 2664 multum,
475 2589 606 2664 propter
637 2599 769 2646 causam
801 2583 995 2668 praedictam
1028 2582 1062 2643 in
1091 2579 1222 2644 articulo
1244 2577 1270 2638 dr

133 2686 291 2768 tabernis;
314 2697 346 2748 et
367 2687 441 2750 dum
463 2686 508 2748 ibi
529 2695 647 2770 staret,
667 2691 855 2770 supervenit
877 2687 988 2750 Simon
1009 2683 1212 2770 Cyrenaeus,
1231 2686 1268 2766 qui

132 2791 236 2852 fuerat
255 2791 387 2873 gentilis
405 2798 440 2854 et
458 2791 564 2854 lactus
577 2783 781 2880 proselytus,
797 2792 918 2857 Christi
936 2789 1083 2854 occultus
1104 2789 1265 2874 discipulus

131 2893 229 2956 Hunc
251 2898 515 2978 angariaverunt,
538 2904 695 2978 cogentes
718 2917 790 2960 eum
811 2897 923 2961 tollere
943 2914 1069 2959 crucem
1098 2904 1172 2978 post
1192 2893 1266 2956 Chri·

132 3006 242 3074 stum,
264 3007 299 3060 ut
324 2999 441 3064 dicitur
462 3000 542 3063 Luc.
565 3001 685 3062 xxln.
719 3003 919 3092 Invitissimo
940 3010 1047 3064 autem
1069 2999 1141 3062 tulit
1161 3017 1263 3065 croceo

129 3103 279 3188 magistri
308 3103 377 3186 sui,
406 3108 482 3186 qnia
510 3106 699 3188 mysterium
734 3105 839 3170 adhuc
874 3108 1036 3191 ignoravit
1078 3115 1108 3168 ct
1138 3105 1261 3166 salutem.

131 3209 338 3274 decurrimus
359 3227 437 3293 ergo
459 3209 500 3273 ad
522 3209 628 3274 locum
650 3211 756 3296 illum,
779 3219 812 3274 et
831 3211 962 3277 Christo
985 3211 1143 3296 compassi
1167 3209 1262 3292 pariter

131 3327 164 3382 et
186 3315 365 3402 congavisi.
416 3313 588 3398 compassi
621 3311 767 3399 quidem,
800 3318 877 3400 quia
907 3334 973 3380 non
1005 3325 1073 3377 erat
1104 3315 1130 3376 ei
1161 3311 1260 3394 adjutor

130 3420 266 3506 aliquis,
298 3421 362 3485 nisi
389 3421 443 3484 hic
470 3418 600 3504 Simon,
641 3421 696 3506 qui
726 3431 860 3485 coactns
901 3419 1025 3508 adjuvit
1056 3439 1124 3482 eum
1155 3429 1258 3500 portare

130 3541 268 3586 crucem.
317 3524 498 3610 congavisi
533 3534 655 3610 autem,
691 3527 766 3609 quia
795 3526 863 3609 jam
892 3543 957 3590 non
988 3541 1073 3588 unus
1102 3522 1255 3586 rusticellus

131 3629 267 3690 veniens
283 3627 325 3690 de
346 3631 489 3713 proxima
509 3629 590 3694 villa
610 3630 702 3693 adest
716 3639 845 3716 portare
861 3649 992 3694 crucem
1004 3629 1095 3713 Jesu,
1114 3628 1167 3691 sed
1188 3627 1254 3688 multi

130 3731 294 3816 barones,
325 3734 449 3813 nobiles
470 3741 503 3796 et
525 3735 681 3820 honorati,
703 3734 744 3799 de
757 3735 881 3812 ¹castris
902 3743 935 3797 et
953 3733 1130 3798 civitatibus
1150 3732 1251 3814 longiu-

132 3834 205 3918 quis
227 3855 312 3900 nurrc
338 3839 391 3902 hic
408 3848 540 3922 assunt,
580 3838 679 3922 (138
692 3840 744 3918 Α]
764 3841 820 3924 qui
841 3839 881 3902 de
903 3839 1117 3903 transmarinis
1133 3837 1249 3920 partibor

132 3937 332 4003 advenerunt
354 3940 553 4026 voluntarie,
582 3954 747 4032 portantes
772 3963 900 4010 crucem
921 3944 1049 4008 Domini
1069 3944 1115 4004 sui
1130 3941 1249 4004 libentis·

131 4039 222 4103 sime.
266 4038 303 4100 ln
324 4037 388 4102 lroc
408 4061 485 4126 ergo
505 4047 577 4110 loco
599 4067 662 4112 nos
677 4052 927 4133 prostravimus,
949 4058 981 4112 et
1002 4047 1179 4112 orationibus
1194 4047 1245 4126 sig·

132 4147 219 4208 uatis
250 4143 346 4206 dictis
390 4144 605 4223 indulgentias
634 4152 796 4230 plenarias
826 4137 1006 4236 recepimus
1032 4151 1114 4234 (iis).
1140 4152 1182 4232 ¹lu
1199 4151 1243 4214 boo

133 4243 205 4302 loeo
226 4241 387 4320 quondam
409 4242 516 4302 stabat
537 4247 694 4331 ecclesia,
717 4269 801 4332 quae
821 4273 907 4319 nune
927 4263 979 4319 est
996 4264 1062 4318 tota
1081 4253 1219 4317 doatmom
