2644 4786
722 169 786 232 too

173 355 299 435 aooepit
320 347 427 434 nuth,
450 349 678 430 Moabitidem,
706 365 790 432 quoe
821 353 855 410 iu
888 365 988 431 speon
1018 348 1070 412 iilo
1093 355 1179 431 genuit
1192 347 1246 428 oto,

172 456 266 538 eujus
286 473 368 520 uror
389 459 503 540 genuit
528 458 561 519 iu
584 475 622 518 eo
643 454 752 536 Jesse,
774 461 807 516 et
827 473 910 517 uxor
930 455 1028 516 Josse
1046 455 1143 535 genuit
1157 454 1182 516 iu
1195 471 1249 534 spon

172 562 228 626 iiio
248 558 356 624 David
379 577 498 642 regem.
542 561 719 641 Postquam
740 565 846 620 antem
874 557 981 652 David
1001 557 1104 620 motus
1122 559 1199 620 iuerat
1215 576 1269 634 rn,¹

172 664 334 730 transtulit
356 664 499 747 peoudes
521 674 555 727 et
575 665 705 728 domum
725 664 827 746 patris
848 663 900 726 sui
923 662 956 724 iu
978 659 1252 746 domum,quanuti

172 771 283 834 beavit
304 769 538 833 indemnatam
559 770 593 831 iu
615 766 834 850 moutoSyotr,
856 775 890 828 et
909 767 1030 830 dimisit
1050 783 1167 832 menan
1182 765 1252 826 donor

174 875 354 938 nativitatis
381 891 472 942 suee.
525 870 593 936 Sed
624 876 702 955 quia
730 872 774 934 ibi
801 879 898 938 uatus
927 873 988 935 init
1028 882 1061 936 et
1086 871 1254 944 rox'iuoootos

170 979 337 1047 dicebatur
352 978 544 1042 Bethlehem
565 979 682 1042 civitas
702 974 823 1057 David,
844 976 904 1039 sed
926 985 958 1039 et
980 988 1072 1042 mous
1091 977 1176 1060 Syou,
1190 977 1256 1054 up

170 1085 336 1168 regnavit,
358 1082 523 1146 dicebatur
540 1083 657 1145 eivitos
679 1080 803 1164 Bavid,
837 1088 871 1142 et
892 1090 1065 1166 utrumque
1083 1099 1169 1164 saepo
1181 1080 1257 1142 brim

170 1189 203 1252 in
225 1187 407 1273 Scriptura.
463 1187 566 1250 Facto
592 1182 708 1249 'autom
740 1187 805 1248 ista
823 1174 1050 1250 ¹'translatione
1080 1179 1257 1252 danuebrii

168 1295 272 1358 minor
290 1300 361 1356 erat
380 1302 529 1375 respectu
551 1292 592 1355 ad
615 1292 742 1354 domum
767 1293 800 1353 iu
819 1291 1032 1374 Bethlehem,
1059 1291 1139 1357 urnis
1160 1290 1259 1352 admo

168 1401 270 1482 portis
291 1397 471 1461 destruetis
492 1404 525 1458 et
545 1398 650 1479 ruptis
670 1393 881 1479 antiquitate,
897 1393 1080 1460 iaoto'fuit
1100 1397 1193 1458 donus
1211 1411 1260 1452 oou

167 1504 275 1566 munis
297 1510 528 1583 mercatorum,
561 1504 595 1562 iu
626 1519 691 1584 que
720 1500 945 1567 vendebantur
974 1519 1081 1584 panes
1112 1509 1142 1563 et
1163 1497 1260 1581 pnnr

170 1605 314 1686 fruetus,
349 1616 383 1670 ot
415 1615 491 1668 aute
525 1605 653 1668 domum
666 1613 753 1666 ·'erot
776 1605 903 1688 platea,
936 1605 1097 1690 adquam
1127 1605 1163 1667 do
1185 1601 1261 1664 obitur

168 1709 373 1772 continebant
391 1710 539 1774 homines
566 1707 830 1792 ad·oolioquium
850 1717 890 1773 ot
902 1711 1047 1792 juvenes
1066 1711 1108 1776 ad
1127 1711 1262 1784 ebnerot

166 1815 214 1878 ita
233 1813 342 1877 multis
371 1817 464 1878 anrris
490 1816 582 1878 stetit
601 1815 683 1878 haee
707 1813 821 1877 domns
842 1818 942 1897 -quasi
969 1819 1102 1900 publiea
1122 1805 1263 1898 pategrrd

166 1919 257 1982 ioous
276 1927 475 2002 pategarum,
498 1937 582 2002 quae
603 1921 732 1982 stabant
753 1922 813 1983 sub
834 1921 1064 2006 testudinibus,
1086 1931 1121 1985 et
1138 1922 1188 1983 init
1203 1917 1264 1977 diut-

166 2026 306 2107 sorium,
333 2025 508 2107 hospitium
530 2033 720 2086 nocturnum
742 2025 930 2096 alienorum.
970 2028 1014 2088 bit
1043 2030 1112 2092 iste
1142 2031 1185 2088 est
1208 2027 1264 2082 stou

165 2132 288 2211 primus
314 2128 385 2210 ejus
407 2130 493 2190 saori
512 2128 575 2190 iooi
597 2130 785 2193 nativitatis.
830 2130 1004 2194 Secundus
1028 2136 1133 2194 st‘atus
1157 2123 1267 2192 iiliotbt

165 2232 240 2296 talis
255 2233 331 2296 tuit.
376 2229 462 2310 Quia
482 2235 566 2295 enim
585 2220 649 2314 'p'ro
668 2238 926 2298 conservatione
937 2235 1000 2298 looi
1021 2239 1055 2297 in
1076 2227 1269 2302 susstruoub

166 2339 256 2402 uuila
277 2345 346 2400 erat
369 2355 456 2419 euro,
478 2336 606 2399 taudem
630 2347 663 2399 et
687 2341 780 2420 ipsae
801 2339 983 2409 testudines
1001 2352 1117 2424 ruptae
1135 2337 1269 2406 oooideuu

166 2453 198 2506 ot
227 2445 308 2508 muri
339 2441 475 2506 desolati
503 2453 711 2525 corrnerunt,
746 2453 780 2506 et
810 2450 883 2508 ueo'
902 2452 1041 2528 pategae
1075 2448 1220 2521 aluerant,
1240 2449 1269 2496 oti

163 2545 387 2629 mercimonia,
412 2555 636 2610 remanserunt
656 2557 764 2610 tamen
786 2550 830 2612 ibi
858 2549 979 2613 ruinosi
1000 2553 1100 2636 muri,
1127 2551 1269 2632 superpo

164 2654 233 2720 vile
259 2663 292 2716 et
314 2649 537 2719 defectuosum
568 2651 748 2716 aedificium
765 2659 850 2736 erut,
877 2661 908 2718 et
936 2657 1117 2739 tugurium,
1149 2663 1178 2718 et
1200 2657 1269 2731 spotti

164 2759 347 2825 antedictus
373 2761 496 2821 erat'iu
517 2757 582 2820 fluo
609 2758 664 2820 vel
683 2759 717 2820 iu
738 2753 845 2840 eapite
866 2761 1001 2850 tugurii,
1025 2770 1058 2824 et
1078 2772 1147 2828 erat
1167 2754 1269 2840 rugeio

163 2865 226 2928 hoo
258 2863 488 2945 diversorium,
516 2862 557 2924 ud
585 2861 671 2945 quod
701 2878 860 2946 pauperes
891 2862 1115 2952 divertebant,
1144 2873 1175 2934 οἳ
1199 2859 1269 2926 bos'd

163 2983 242 3032 suas
263 2969 307 3032 ibi
328 2959 490 3052 ligabant,
524 2978 558 3030 ot
588 2969 681 3052 bigas
700 2970 758 3033 -ibi
779 2972 954 3054 ponebant,
982 2981 1016 3034 et
1037 2974 1119 3054 olio,
1151 2987 1223 3054 queo
1242 2969 1269 3022 tt

160 3079 310 3155 poterant
329 3073 363 3133 iu
386 3072 518 3136 eivitate
539 3073 647 3138 iocari.
705 3073 813 3136 ttrite
835 3077 942 3138 stabat
964 3077 1055 3140 iocus
1076 3078 1134 3143 iiie
1157 3055 1269 3156 usqooi

164 3186 309 3259 tempora
323 3177 459 3260 Joseph,
477 3178 590 3260 spousi
602 3177 727 3242 Mariae
736 3178 893 3261 Virginis.
938 3178 1112 3267 Quiquuru
1135 3177 1269 3247 adediou

161 3281 317 3347 Caesaris
345 3281 488 3363 Augusti
516 3281 557 3344 de
588 3281 755 3346 Nemeen
788 3286 936 3348 venisset
965 3289 999 3351 in
1026 3289 1215 3352 -Betirleben
1236 3279 1269 3340 ru

159 3386 267 3454 Maria
287 3387 425 3470 Virgine
449 3395 670 3469 praegnante,
688 3388 825 3462 invenit¹
836 3388 998 3454 civitatem
1009 3376 1175 3475 ,repletam
1194 3379 1269 3472 popuii

161 3500 195 3555 et
219 3494 326 3557 otnuio
353 3492 492 3573 hospitia
520 3501 773 3576 praeoccupata,
803 3503 837 3557 et
862 3515 927 3563 uon
948 3498 1134 3582 inveniens,
1164 3497 1213 3564 ubi
1239 3491 1269 3570 itt

160 3603 315 3680 maneret,
338 3598 450 3680 exivit,
472 3605 505 3659 et
525 3599 559 3660 in
579 3597 791 3665 diversorium
810 3601 874 3664 ho'o
896 3599 1038 3685 divertit,
1059 3605 1095 3666 iu
1114 3620 1178 3686 quo
1193 3593 1269 3664 stobi

158 3699 285 3765 bestiae
315 3707 347 3766 et
369 3701 519 3768 ruralium
550 3703 772 3787 iustrumenta,
807 3714 840 3770 et
860 3707 906 3770 ibi
926 3707 1031 3772 iocum
1059 3709 1194 3792 aptarit.
1230 3697 1269 3762 cii

158 3813 266 3869 auten
287 3807 369 3870 ho'ro
389 3805 537 3889 pariendi
557 3804 705 3892 adesset,
728 3811 861 3874 intravit
882 3812 1073 3877 beatissime
1094 3813 1197 3896 Virgo
1214 3803 1269 3872 unt

159 3917 310 3988 spe'oum,
330 3911 447 3990 inquo
469 3911 584 3974 ultimo
604 3915 726 3992 primus
748 3915 857 3979 David
876 3917 936 3980 fuit
957 3925 1070 3999 natus,
1092 3928 1126 3982 et
1148 3921 1181 3982 in
1203 3923 1269 3978 eott

158 4007 298 4070 eundum
309 4009 426 4090 David,
447 4011 564 4074 seeum
578 4012 753 4101 Christum,
776 4019 885 4102 edidit,
907 4019 1001 4084 modo
1022 4021 1174 4088 diotofol.
1192 4013 1269 4086 idid

158 4113 190 4214 et
204 4107 317 4169 tuitio
337 4109 408 4170 loeo
429 4112 471 4175 ad
488 4120 621 4196 tompus
639 4119 808 4186 habitavit.
861 4121 946 4202 Quid
977 4133 1085 4192 autom
1106 4130 1151 4192 sit
1172 4127 1269 4192 nivem

159 4211 240 4261 uum
258 4205 341 4266 vida‘
355 4208 410 4270 foi.
434 4210 508 4272 195.Δ
526 4213 567 4274 A.
640 4224 644 4233 ‘
