2792 4778
708 127 772 194 420

161 312 311 396 supqrius
331 311 364 378 iu
386 311 540 399 οἰνίίᾳιο,
573 327 631 394 pen·
660 327 755 396 quem
777 309 916 396 neamus
938 309 1094 383 exiret-'et
1116 311 1330 379 descenderet

162 415 204 482 ad
221 415 394 480 tollendam
415 433 552 500 aquam,
574 421 606 478 et
628 413 812 482 aedificavit
832 435 958 482 murum
981 417 1128 499 pisanae
1146 417 1258 504 Silae,
1280 419 1331 502 qui

163 518 344 602 ceciderat,
380 529 416 584 ut
453 519 568 584 dieitur
599 519 781 584 Nehemiae
810 522 843 589 ὓ.
896 521 968 587 Hos
1003 541 1113 587 muros
1142 523 1332 606 dejeeerunt

163 623 301 712 quani
330 624 377 700 in,
394 624 561 688 obsidione
580 621 784 712 Jerusalem,
812 629 899 693 sicut
927 633 962 693 et
983 627 1047 693 alia
1068 626 1215 697 demoliti
1245 635 1332 710 sunt,

163 746 246 816 quas
269 725 450 794 Christiani
477 728 692 792 succedentes
730 739 956 816 reerexerunt,
989 739 1022 796 et
1051 731 1164 806 devoti
1185 732 1335 796 homines

163 830 351 904 habitacula
371 853 431 918 per
443 834 620 917 „circuitum
641 832 907 919 aedificaverunt,
930 839 1077 921 aequasi
1100 839 1336 903 monasterium

161 957 261 1025 super
293 932 414 1004 lentem
447 937 721 1022 aedificaverunt,
751 941 839 1003 sieut
865 940 963 1006 bodie
988 945 1088 1024 patet.
1140 941 1230 1008 Nam
1259 949 1337 1004 ante

161 1044 282 1108 lentem
305 1051 357 1106 est
379 1052 549 1130 stagnum,
572 1045 665 1127 quasi
686 1045 857 1136 balneum,
887 1053 920 1107 et
940 1054 993 1111 est
1013 1045 1114 1124 muris
1136 1051 1170 1106 et
1191 1039 1338 1116 testudi-

162 1129 257 1213 nibus
280 1149 522 1234 eireumdstum‚
544 1151 628 1214 sieut
650 1147 784 1212 claustri
809 1151 958 1234 ambitus,
980 1159 1014 1213 et
1036 1150 1216 1215 fulciuntur
1235 1161 1338 1228 araus

163 1255 361 1321 testudinum
373 1255 560 1318 marmoreis
571 1253 739 1318 columnis.
782 1256 875 1318 Haee
892 1263 1002 1341 ¹tamen
1013 1274 1072 1339 pm
1084 1262 1176 1338 perte
1189 1259 1338 1334 memet,

162 1377 222 1442 pro
242 1366 338 1444 parte
357 1361 482 1424 ruinam
503 1358 694 1422 minantur.'
717 1359 827 1423 Facile
840 1369 939 1442 esset,
960 1363 1070 1424 nnnas
1088 1353 1338 1422 relevaresaeri

162 1461 272 1546 lautis,
295 1461 354 1526 sed
376 1481 470 1528 nemo
492 1463 605 1548 tangit,
626 1481 689 1526 nee
713 1482 843 1530 manum
866 1467 1016 1559 appanis,
1045 1467 1146 1529 etita
1172 1462 1272 1526 loeus
1299 1458 1339 1522 de

160 1567 270 1633 disin
292 1567 478 1653 diemsuit,
511 1568 596 1631 sieut
624 1569 771 1634 aedilicia
801 1570 935 1634 aliorum
963 1564 1106 1636 loentum
1126 1573 1336 1636 sanatorum.

162 1669 248 1736 Olim
280 1681 349 1735 erat
379 1671 470 1735 loeus
498 1673 714 1761 honorabilis,
746 1675 823 1758 quia
856 1675 891 1738 in
912 1676 1003 1740 horto
1035 1676 1123 1760 regis
1153 1671 1339 1755 equulusus

160 1784 243 1861 erat,
265 1784 300 1839 et
321 1783 392 1840 erat
410 1776 531 1859 gradus
551 1777 702 1842 delente
721 1792 981 1864 usqnesursum,
1003 1781 1152 1867 usquein
1164 1777 1339 1840 civitatem

100 1909 103 1916 ⁴
159 1881 268 1948 David
286 1879 520 1966 montisSyan,
541 1890 578 1947 ut
592 1881 730 1949 hebetur
742 1884 879 1948 Nehem.
892 1885 924 1950 3.
967 1885 1041 1948 Nee
1055 1885 1230 1966 suspicans
1254 1897 1341 1964 pos·

160 2005 263 2071 sum,·
287 1985 446 2073 quamodo
476 1987 684 2070 sitientum,
713 1988 769 2050 vel
791 2007 856 2074 qua
877 1999 947 2055 orte
968 1989 1143 2054 inventum
1157 1987 1216 2070 sit,
1247 1982 1341 2068 quod

160 2083 334 2176 Eusebius,
355 2111 415 2159 rex
434 2090 632 2174 denudem,
645 2110 755 2176 aquas
776 2094 877 2173 lentis
899 2091 992 2160 Siloa
1009 2095 1138 2182 inqunlt
1149 2092 1195 2165 ,in
1211 2091 1342 2154 eivita-

160 2204 229 2261 tem
255 2213 402 2280 sursum,
433 2197 584 2285 sinopen
614 2205 682 2264 tam
710 2198 810 2262 altum
840 2201 1009 2284 spatium,
1038 2197 1219 2269 seeundum
1246 2193 1342 2280 quod

163 2301 242 2371 dicit
262 2295 378 2375 Ntenl'
392 2301 434 2366 de
455 2302 562 2387 hyra,
594 2319 693 2386 super
712 2303 904 2381 Ecclesiam.
935 2304 1023 2390 Cap„
1037 2308 1090 2388 48,
1122 2320 1196 2370 eum
1223 2308 1343 2364 umen

89 2478 92 2488 y
167 2405 272 2490 (161
290 2407 355 2491 Δ.)
375 2408 444 2473 sint
466 2425 487 2470 a
507 2406 598 2470 fante
618 2404 709 2472 silos
729 2426 835 2494 usqua
857 2429 985 2474 sursum
1006 2410 1042 2477 iu
1063 2396 1230 2487 ciuitatem
1248 2406 1341 2470 ultra

160 2511 388 2598 quadringinta
410 2529 568 2606 passuum
589 2531 649 2596 net
669 2531 840 2600 praeneps,
861 2525 894 2580 et
906 2535 971 2581 non
986 2516 1030 2585 sit
1040 2531 1160 2598 magua
1177 2529 1339 2598 aquarum

161 2617 439 2702 contammata,
470 2634 534 2680 nee
562 2616 720 2682 desumus
746 2617 818 2705 ejus
848 2628 914 2687 esa
922 2621 1118 2704 vehemens,
1145 2615 1227 2682 wau
1245 2613 1340 2700 quod

163 2730 252 2786 rotas
273 2724 379 2805 possit
397 2721 550 2805 volvere,
582 2723 703 2808 quibas
724 2722 807 2791 fone
825 2721 982 2810 passibile
1011 2731 1102 2789 esset
1124 2739 1230 2808 aquas
1258 2738 1340 2800 sur·

167 2843 241 2892 sum
262 2825 347 2890 duni.

164 3073 224 3152 De
255 3072 361 3168 luen,
403 3074 441 3152 in
475 3099 550 3188 quq
575 3075 714 3155 Esaias
747 3075 926 3182 propbeta
967 3076 1036 3154 fuit
1069 3101 1137 3179 per
1178 3074 1341 3152 medium

146 3194 151 3204 ’
393 3203 539 3290 sentus,
569 3204 610 3273 et
633 3197 683 3274 de
711 3195 974 3304 pausa‘mortis
1003 3200 1098 3298 ejus.

246 3379 385 3447 Fontem
406 3386 554 3442 sanetum
575 3376 692 3446 deinde
714 3379 905 3462 dimisimus,
922 3378 1339 3475 etaseendimnsmentem

163 3481 267 3567 Syun,
289 3494 322 3548 et
342 3485 377 3548 in
399 3487 471 3568 ipso
490 3483 579 3549 'clive
602 3485 635 3548 in
656 3485 817 3569 quandam
839 3483 1003 3568 planitiem
1024 3483 1193 3562 venimus,
1214 3481 1250 3544 in
1271 3499 1341 3564 qua

161 3588 228 3655 uina
247 3589 464 3655 eiborideusa
482 3591 582 3654 tamis
605 3590 745 3656 et'foliis
765 3598 848 3672 stat,
870 3589 981 3652 nessia
1002 3586 1255 3670 auiusspeaisi‚
1285 3595 1341 3652 est

160 3695 274 3778 utique
295 3696 388 3762 sient
402 3694 484 3760 tilia
527 3695 577 3758 lbi
599 3704 651 3759 est
670 3695 773 3782 lucus,
795 3695 850 3758 ubi
869 3695 992 3778 impium
1009 3695 1172 3756 Manassa.
1187 3707 1258 3774 rex,
1280 3693 1340 3774 qui

156 3797 347 3867 Jerusalem
369 3797 465 3867 idolis
497 3799 647 3882 replevit·
676 3809 718 3862 et
740 3799 875 3865 multum
903 3801 1112 3863 innocentem
1141 3794 1339 3878 sanguinem

160 3903 259 3986 indit,
291 3904 398 3968 oeeidi
425 3905 504 3972 feeit
523 3907 655 3972 Esaiam
676 3906 876 3990 prephatam·
892 3923 950 3988 pro
975 3923 1040 3986 eu,
1071 3900 1254 3986 quodsum
1276 3918 1338 3981 pro

159 4008 330 4074 saalaratis
358 4011 486 4075 antibus
521 4011 671 4076 surrexit.
721 4010 837 4075 Stabat
866 4016 979 4075 autem
1009 4015 1089 4072 tune
1116 4006 1272 4089 temperis
1302 4005 1338 4068 in

158 4115 232 4180 luae
256 4113 420 4198 meletae
449 4113 573 4180 arbaris
605 4130 723 4200 magna
748 4123 783 4178 et
804 4115 871 4180 alta
891 4114 1027 4194 cedrus,
1060 4112 1102 4177 ad
1133 4129 1230 4196 qnam
1259 4126 1336 4172 eum

160 4213 332 4286 earniliees
350 4219 539 4304 pmpnetam
560 4218 740 4302 denudent,
761 4229 894 4284 ubuum
912 4220 963 4286 ibi
979 4215 1337 4302 aneillenqnqapemit
