2914 4850
732 127 777 194 bl

181 325 318 404 quuoor
342 311 453 397 digitis
482 331 503 374 a
523 319 627 374 morte
646 309 769 374 distare
795 307 960 394 probavit,
991 325 1066 372 cum
1087 311 1266 392 parietes
1293 311 1366 373 navi

181 429 215 490 iu
246 419 457 506 spissitudine
483 417 624 481 babeant
650 426 789 500 quatuor
820 415 950 500 digitos.
975 417 1239 499 interrogatus
1276 415 1369 510 etiml

182 549 266 616 quae
281 542 385 591 naves
401 532 513 588 essent
523 521 679 586 tutiores?
701 521 885 604 respoudit:
903 521 990 605 illae,
1004 531 1090 605 qnae
1104 524 1268 586 interra
1289 535 1363 586 extu

181 655 271 700 mare
288 635 414 716 jaceut3
435 632 470 693 in
481 647 571 692 mare
585 629 706 692 nullan
724 645 877 689 asserens
894 645 970 690 esse
985 629 1226 711 securitatem,
1247 641 1363 711 propte

182 738 371 821 multiplicia
388 747 426 800 et
457 735 624 818 repentina
651 731 805 815 pericula.
846 731 922 814 (B)
944 731 1129 796 Grassante
1168 737 1362 818 igiturne

181 843 318 908 terribili
351 849 565 923 tempestate,
598 857 677 902 eece
707 839 815 901 subito
846 848 879 901 et
911 857 953 902 ex
987 839 1157 920 insperato
1200 841 1258 902 ele
1292 841 1360 905 coen

182 948 374 1033 atlJutorlum
396 946 538 1008 advenit.
560 947 649 1007 luter
670 944 799 1026 fulgura
819 945 904 1006 enim
922 952 956 1005 et
968 946 1231 1008 corruscationes
1249 949 1359 1030 aparuit

182 1055 239 1118 lux
259 1053 418 1136 quaedam
443 1060 535 1113 stans
551 1067 665 1132 -supra
691 1067 818 1130 proram
838 1052 872 1110 iu
901 1053 976 1112 aire
1008 1049 1268 1131 alirpuantulum
1303 1052 1357 1114 lin

181 1159 309 1224 Deinde
328 1157 481 1241 paulatim
494 1175 532 1219 se
553 1157 723 1238 ruuaitpor
743 1173 860 1238 gymm
882 1153 1006 1218 Galbae
1025 1174 1132 1240 usque
1157 1157 1207 1218 ad
1237 1159 1357 1240 puppiu

87 1333 89 1338 ,
182 1275 215 1328 et
234 1266 281 1328 ibi
302 1263 444 1327 evanuit.
475 1263 556 1325 vute
569 1273 676 1326 autem
699 1260 755 1324 lux
776 1260 832 1322 illa
852 1261 961 1324 radius
980 1263 1096 1344 igneus
1118 1261 1356 1344 longitudinem

182 1370 310 1437 nutritus
335 1366 469 1430 habeus.
512 1367 608 1429 Hauc
622 1368 734 1430 lucem
765 1384 838 1428 cnm
860 1367 1093 1448 gubematores
1107 1363 1311 1430 ,Galeotae
1334 1375 1354 1426 et

182 1475 343 1540 murinarii
375 1474 494 1536 caeteri
524 1472 701 1556 vidissent,
731 1481 764 1534 et
785 1473 948 1555 peregrini
976 1473 1031 1555 qui
1058 1473 1227 1552 superius
1269 1481 1353 1550 erant,

182 1587 395 1644 cessaverunt
421 1579 461 1640 ab
481 1577 713 1658 omni'lalrore‚
740 1586 773 1638 et
805 1578 962 1640 siluerunt
992 1579 1032 1640 ab
1055 1577 1141 1639 omni
1164 1582 1352 1660 strepu’tnet

183 1688 341 1768 elamore,
364 1692 398 1745 et
425 1683 586 1766 provoluti
614 1685 655 1746 ud
682 1701 790 1765 gerruu
816 1685 963 1746 extensis
992 1685 1026 1746 iu
1057 1683 1185 1745 caelum
1208 1686 1351 1750 mauibu

182 1790 397 1855 mediocribus
429 1786 561 1850 rotinus
589 1789 669 1850 nihil
701 1789 805 1850 eliud·
820 1790 1024 1871 promebant,
1067 1806 1162 1871 quam
1204 1788 1349 1868 Sanctus

184 1897 342 1975 Sanctus,
363 1893 515 1957 Sanctus.
556 1894 657 1963 Porro
680 1912 740 1957 nos
761 1896 897 1958 iuferius
927 1896 1117 1977 roysterim
1151 1894 1348 1975 ignorantes

183 2001 344 2085 perterriti
366 1997 407 2060 de
428 1999 535 2060 subita
554 2000 665 2082 *quiete
686 2008 718 2062 et
739 2001 877 2081 silentio,
900 1999 996 2062 etde
1026 1998 1157 2062 insolita
1187 2004 1347 2079 oratione

184 2104 426 2166 aestimavimus
451 2121 540 2165 eosa
560 2103 724 2169 laboribus
732 2111 909 2168 ‘cessasse
928 2114 1060 2188 propter
1084 2101 1346 2186 desperationem,

185 2218 217 2270 et
262 2206 404 2269 Sanctus
449 2207 592 2274 clamare
634 2220 766 2293 propter
789 2211 974 2283 ‚instantem
1014 2210 1286 2292 exspirationem,
1323 2220 1345 2272 et

184 2314 349 2376 stabamus
365 2314 500 2398 attoniti,
511 2315 610 2377 finem
628 2325 768 2378 eventus
789 2323 1029 2398 exspectantes.
1052 2315 1199 2378 nterea
1223 2317 1344 2401 quiden

184 2421 319 2503 omium,
343 2420 427 2502 quod
456 2439 555 2505 supra
577 2420 721 2484 foramen
742 2440 911 2484 commune
933 2412 1074 2501 Galbae,
1097 2439 1156 2502 per
1189 2422 1281 2503 quod
1314 2421 1344 2483 de

184 2526 403 2608 superioribus
423 2529 457 2588 in
479 2529 621 2590 carinam
657 2526 879 2607 descenditur,
901 2527 1062 2607 removit,
1090 2533 1123 2587 et
1150 2529 1295 2610 aperuit,
1321 2537 1369 2610 et¹

185 2649 284 2713 supra
298 2631 426 2692 scalam
445 2638 555 2711 stans,
577 2630 729 2695 clamavit
750 2633 859 2695 verbis
880 2631 1011 2694 Italicis.
1055 2629 1083 2692 0
1105 2629 1239 2712 Signior
1259 2635 1344 2715 pele-

183 2736 268 2817 grini
291 2753 356 2794 uou
375 2734 513 2795 habeare
530 2754 631 2815 paura
652 2755 715 2816 que
738 2745 854 2820 questo
884 2744 960 2798 note
976 2755 1040 2798 non
1055 2745 1186 2798 avereto
1202 2735 1342 2800 nauus:

185 2837 270 2919 quod
304 2845 427 2903 tautum
455 2847 566 2901 sonat:
601 2838 780 2908 ODomiui
803 2842 964 2923 peregrini
986 2840 1085 2903 nolite
1108 2841 1237 2923 timere,
1271 2845 1342 2928 quir

184 2945 247 3004 heo
269 2947 365 3002 nocte
386 2950 418 3002 et
445 2945 610 3024 praesenti
638 2954 830 3029 tempestate
862 2946 942 3027 nihil
968 2933 1049 3015 mati
1068 2946 1240 3029 patiemur,
1272 2951 1341 3030 quia

185 3047 437 3112 consolationum
469 3046 511 3109 ‹te
541 3049 632 3111 eaelo
670 3050 856 3114 habuimus(
908 3051 989 3113 Post
1020 3051 1083 3114 hoo
1116 3063 1340 3133 perseverante

185 3159 395 3235 tempestate,
419 3153 629 3217 recurrebant
657 3153 816 3217 Galeotae
837 3155 878 3218 orl
906 3156 1019 3221 solitos
1050 3156 1193 3236 labores,
1223 3157 1336 3240 etjam

183 3277 247 3322 non
285 3258 478 3323 ullulabaut.
498 3267 534 3322 ut
566 3261 672 3341 prius,
708 3259 768 3322 sed
803 3260 897 3323 laetis
936 3261 1129 3324 clamoribus
1173 3260 1336 3340 jubilantes

182 3362 378 3430 laborabant.
407 3365 482 3428 Non
500 3368 584 3428 euim
603 3366 748 3429 laborant
767 3364 830 3426 nisi
848 3383 922 3428 cum
939 3366 1088 3430 clamore.
1110 3364 1213 3428 Nemo
1232 3377 1331 3430 autem

183 3467 348 3540 aestimet.
370 3469 456 3550 qnod
474 3471 541 3554 jam
564 3472 650 3536 dictu
672 3470 712 3534 de
746 3470 819 3534 luce
846 3471 911 3533 siut
931 3471 1009 3534 licta
1031 3480 1087 3534 aut
1105 3471 1254 3553 fabulosa,
1278 3473 1331 3535 sed

182 3577 259 3630 sunt
279 3571 460 3656 verissima,
474 3587 506 3640 et
527 3597 566 3642 ea
586 3579 773 3662 plusquam
795 3577 1005 3655 ducentorum
1023 3577 1152 3640 testium
1166 3579 1329 3649 esmnioue

182 3670 338 3736 bollein
365 3676 513 3751 humanis
555 3683 733 3745 viventium
754 3684 902 3763 probare
938 3697 1080 3765 possem.
1132 3681 1327 3764 Nequaquam

183 3777 267 3841 euim
297 3777 484 3842 abbreviata
505 3792 556 3846 eat
583 3784 855 3868 manutentor,
887 3797 922 3850 ut
944 3788 1075 3851 salvare
1099 3803 1163 3850 uon
1183 3787 1275 3868 possit
1294 3791 1323 3850 iu

182 3882 386 3945 tribulatione
407 3882 595 3947 existentes.
638 3889 706 3950 Sed
736 3891 809 3971 quis
830 3894 982 3958 meuserit
1012 3892 1096 3954 bano
1117 3891 1321 3955 miraculosam

181 3986 401 4050 liberationem
432 3987 523 4049 Deus
551 3991 633 4070 soit,
663 3995 717 4073 qui
745 3996 841 4058 etiam
870 3995 1018 4058 Ethniois
1038 4005 1072 4056 et
1093 3996 1261 4061 idololatris
1290 3999 1318 4060 io

182 4091 299 4156 talibus
319 4093 472 4174 periculis
493 4092 709 4160 elatrantibus
728 4099 920 4165 miraculose
940 4099 1108 4161 succurrit.
1150 4101 1224 4163 lium
1243 4101 1316 4164 euin

180 4196 302 4278 impetu
323 4201 421 4264 meris
439 4197 617 4263 volvuntur
633 4204 734 4265 aratia
754 4205 951 4264 necessitate
981 4203 1145 4264 incasurus
1177 4204 1210 4264 etl
1230 4204 1314 4268 surda
