2716 4798
189 311 287 383 ‘Vll
327 309 366 374 Si
386 309 548 392 peregrini
572 315 704 392 propter
731 305 874 388 aliquam
905 303 1133 372 rationabilem
1174 319 1327 376 naamam

126 428 236 504 utpote
257 426 388 503 propter
408 431 536 499 aquarn
569 414 792 497 afferendam,
825 423 882 478 aut
909 413 1124 496 medicinam,
1168 422 1241 476 ant
1274 413 1326 473 alia

126 525 322 608 necessaria,
342 529 490 606 peterem
510 522 611 586 emitti
633 523 675 588 ad
696 521 838 606 aliquam
857 531 988 605 portnm
1014 520 1283 604 propinquum,
1302 519 1327 578 in

126 649 220 716 quem
239 628 366 712 galiam
386 645 451 692 non
469 627 541 691 vnit
561 627 680 710 induci,
701 635 852 689 teneatur
875 627 972 690 nobis
998 627 1172 711 scapham
1196 633 1238 688 et
1258 641 1326 686 sca-

126 735 292 820 phalernm
314 734 391 797 dara
409 733 451 796 ad
472 733 748 798 damnatorium
762 735 803 796 in
821 737 960 818 portum.

207 857 296 921 VIII.
340 855 378 918 Si
397 842 552 939 patronas
582 853 623 918 ad
645 855 785 940 aliquem
805 833 1087 940 portum·sterilem
1104 853 1322 938 applicuerit,

126 963 160 1027 in
182 981 245 1048 quo
266 963 429 1046 peregrini
454 947 517 1024 ana
539 957 728 1024 necessario
748 964 895 1024 invenire
909 977 975 1024 non
988 969 1139 1042 possent,
1170 967 1322 1021 teneatur

127 1067 198 1152 ipsc
220 1070 269 1132 eis
291 1067 368 1130 darc
389 1085 429 1130 ac
449 1068 478 1130 ai
500 1065 591 1130 extra
612 1075 738 1148 parturn
772 1076 902 1130 essent:
942 1083 1040 1128 sacua
1069 1057 1164 1127 siin
1196 1073 1321 1148 portum

127 1175 246 1236 bonurn
268 1151 489 1250 declinaverit,
507 1181 585 1234 tunc
606 1168 718 1236 omnes
741 1173 802 1238 sibi
825 1173 907 1256 ipsis
929 1179 1082 1234 tenentur
1103 1171 1302 1254 providere.

210 1298 266 1358 lx.
309 1295 415 1356 Debet
431 1303 588 1376 patronus
610 1295 709 1356 tutari
731 1279 933 1378 peregrinos,
956 1303 1023 1358 tam
1041 1295 1074 1356 in
1095 1291 1210 1376 galea
1233 1311 1317 1374 quan

129 1412 230 1484 extra,
252 1419 294 1461 ne
315 1400 349 1461 in
371 1395 466 1482 galda
487 1397 637 1479 galeatae
658 1417 716 1462 eos
737 1401 916 1482 invadant,
945 1383 1008 1462 ⁸aut
1028 1396 1140 1476 viliter
1162 1389 1334 1476 tractent

129 1516 184 1570 ant
206 1507 246 1568 de
267 1505 347 1566 locis
378 1503 464 1584 suia,
493 1503 522 1563 si
555 1504 718 1586 peregrini
751 1523 825 1568 curn,
855 1507 903 1567 cis
924 1505 1040 1567 sedere
1059 1501 1252 1590 velamur,
1271 1521 1314 1563 re-

24 1693 26 1704 ι
128 1611 265 1695 pellenti
284 1618 316 1669 et
330 1615 422 1670 extra
436 1609 471 1670 In
492 1605 577 1670 terra
598 1627 639 1669 ne
661 1610 879 1694 molestentur,
905 1611 1061 1688 obsistere
1082 1607 1200 1692 debet,
1219 1627 1313 1692 quan-

131 1727 199 1779 tum
221 1722 340 1798 potest,
363 1722 396 1774 et
416 1713 449 1775 in
471 1713 595 1775 cumbis
618 1733 727 1776 eorum
748 1716 869 1778 nullum
888 1711 1153 1798 ,impedimentum
1175 1723 1289 1801 ponat

212 1842 255 1906 X.
298 1839 394 1920 Quod
426 1853 581 1924 patronus
614 1840 649 1903 in
684 1849 770 1907 terra
795 1851 910 1904 sancta
930 1841 1121 1924 peregrinos
1150 1844 1310 1923 permittat

131 1948 173 2014 ad
188 1947 331 2016 debitum
353 1955 500 2028 tempus,
532 1962 594 2007 nec
626 1945 721 2008 nimis
757 1965 833 2010 curn
859 1947 908 2010 cis
940 1946 1072 2010 festinet
1084 1991 1095 2030 ,
1128 1965 1262 2030 eosque
1276 1944 1309 2008 ad

131 2053 204 2118 loca
225 2059 384 2116 consueta
403 2050 505 2143 ducat
527 2058 559 2112 ct
581 2051 893 2132 personaliter'oum
913 2052 962 2114 eis
983 2051 1093 2116 vadat.
1146 2052 1194 2115 Et
1221 2072 1309 2134 prae·
1333 2061 1334 2080 ¹

132 2159 229 2241 cipue
248 2155 409 2241 volumus,
430 2163 467 2218 ut
489 2156 561 2215 sine
583 2150 837 2218 contradictione
856 2175 914 2238 eos
937 2158 978 2238 ad
996 2156 1186 2234 Jordanem
1212 2157 1307 2237 ducat,

132 2263 167 2326 in
188 2281 250 2346 quo
269 2278 397 2344 semper
416 2257 639 2350 difficultatem
658 2263 821 2348 peregrini
843 2265 1020 2347 patiuntur,
1034 2271 1066 2354 at
1082 2261 1176 2348 ouon
1199 2282 1258 2328 cos
1276 2264 1307 2326 ab

1333 2383 1334 2424 i

133 2367 309 2432 infidelium
335 2365 708 2448 vexationibuseripiat.
750 2443 757 2455 Ι

215 2495 272 2556 XI.
316 2491 410 2572 Quod
428 2502 584 2574 patronas
605 2481 911 2577 omniavecdgalia,
934 2512 1125 2580 omnemque
1145 2495 1308 2576 pecuniam

136 2615 195 2678 pro
213 2597 306 2660 salvo
332 2595 494 2672 condictu
515 2597 805 2681 exponendarum
821 2619 884 2680 pro
908 2601 1010 2663 asiais
1033 2610 1071 2664 et
1086 2599 1308 2670 adiaauotio-

136 2703 244 2784 nibus,
255 2701 503 2796 quibuscunque
515 2685 705 2781 'ommibus
727 2699 804 2784 (85
814 2703 869 2788 A)
892 2714 1157 2775 censeantarraut
1172 2705 1304 2784 nbionn-

138 2823 201 2886 que
222 2823 386 2886 exponere
402 2807 570 2898 oportebit,
582 2809 761 2888 ipsaaoloa
776 2829 834 2892 pro
847 2811 1027 2892 peregrinis
1049 2820 1152 2891 totum
1185 2811 1306 2879 solvero

137 2909 261 2992 absque
273 2927 382 2993 corum
399 2919 530 2997 sumptu
547 2917 705 3001 teneatur,
727 2915 933 2996 etcnrtuaiaa
952 2926 1091 3000 ,megum
1110 2935 1120 2998 3
1142 2913 1182 2977 dc
1201 2918 1304 3000 pervia

138 3017 256 3096 metpsi
273 3033 334 3096 por
351 3033 411 3112 noa
434 3015 759 3098 providebimus..

221 3140 294 3203 ΧΠ.
337 3138 433 3218 Quod
443 3142 635 3224 peregrinas
657 3163 718 3227 ipsa
729 3154 863 3227 patrono
874 3161 932 3231 pro
955 3135 1145 3228 humoris
1157 3150 1302 3230 omnibns,

138 3262 197 3328 per
218 3265 303 3324 anm,
322 3256 362 3309 nt
378 3247 579 3330 praeierant,r
595 3248 753 3322 faciendis
778 3243 833 3343 vel
867 3230 1077 3333 exponandss,
1100 3247 1302 3335 qnadraginta

139 3349 274 3416 ducatos
292 3351 333 3416 dc
349 3353 462 3419 Zeclia
473 3353 587 3436 dictae,
606 3354 638 3418 id
649 3363 710 3438 ost,
721 3335 849 3422 noviaco
865 3351 1057 3425 monetatos
1065 3355 1143 3418 dara
1156 3363 1300 3426 teneatur

137 3455 188 3516 Ita
207 3465 326 3540 tamen,
354 3444 443 3540 qnod
466 3459 554 3525 illiue
581 3477 727 3522 summae
755 3459 923 3568 dimidiam
935 3469 1074 3545 partem
1103 3461 1138 3524 in
1161 3459 1298 3526 Venetiie

138 3559 298 3642 exsolvat,
319 3556 473 3646 reliquam
497 3581 576 3626 vero
598 3565 633 3626 in
653 3546 797 3648 Joppe.

219 3665 307 3728 xm.
322 3664 363 3730 Si
382 3666 521 3752 aliquem
536 3669 577 3732 de
596 3669 779 3752 peregrinis
792 3671 873 3734 mori
892 3627 1083 3755 eontigerit,
1104 3679 1248 3753 patrnam
1260 3671 1295 3734 dc

138 3766 307 3832 derelcctia
327 3769 398 3852 ejus
422 3773 515 3835 bonis
533 3773 621 3840 nulla
639 3773 745 3838 modo
748 3790 793 3840 aa
808 3775 972 3860 Impediat,
991 3776 1064 3840 aed
1072 3775 1156 3860 apud
1169 3795 1233 3840 eum
1247 3777 1292 3838 val

136 3889 204 3954 eoa,
216 3875 269 3936 cui
283 3874 338 3936 vel
353 3876 469 3957 quibua
479 3875 638 3960 ejnamodi
651 3878 812 3946 decedens
831 3881 915 3946 bona
926 3899 988 3945 aaa
1005 3881 1171 3966 legaverit,
1177 3882 1291 3944 omnmo

137 3977 297 4060 rcttnqoat
319 3978 450 4044 intacta.
797 4004 800 4013 ·

218 4081 308 4145 XIV.
332 4081 370 4146 si
393 4083 510 4166 adquin
523 4105 565 4150 ax
583 4089 766 4170 peregrinio
775 4087 861 4172 iptio
877 4093 1052 4170 anthnanr
1064 4097 1166 4150 terrae
1173 4096 1288 4152 sanctae

136 4184 344 4268 applicarent,
365 4196 551 4270 moreretur,
573 4199 728 4271 patronae
759 4193 831 4272 ipsa
861 4191 1024 4254 dimidiam
1054 4197 1172 4273 partem
1204 4190 1285 4254 datae
