<?xml version="1.0" encoding="UTF-8"?>
<!DOCTYPE html PUBLIC "-//W3C//DTD XHTML 1.0 Transitional//EN"
    "http://www.w3.org/TR/xhtml1/DTD/xhtml1-transitional.dtd">
<html xmlns="http://www.w3.org/1999/xhtml" xml:lang="en" lang="en">
 <head>
  <title>
</title>
<meta http-equiv="Content-Type" content="text/html;charset=utf-8" />
  <meta name='ocr-system' content='tesseract 3.04.00' />
  <meta name='ocr-capabilities' content='ocr_page ocr_carea ocr_par ocr_line ocrx_word'/>
</head>
<body>
  <div class='ocr_page' id='page_1' title='image "./fratrisfelicisf01fabrgoog_0367.png"; bbox 0 0 2596 4788; ppageno 0'>
   <div class='ocr_carea' id='block_1_1' title="bbox 722 51 787 118">
    <p class='ocr_par' dir='ltr' id='par_1_1' title="bbox 722 51 787 118">
     <span class='ocr_line' id='line_1_1' title="bbox 722 51 787 118; baseline 0 0"><span class='ocrx_word' id='word_1_1' title='bbox 722 51 787 118; x_wconf 64' lang='lat' dir='ltr'><strong>bid</strong></span> 
     </span>
    </p>
   </div>
   <div class='ocr_carea' id='block_1_2' title="bbox 173 229 1275 1782">
    <p class='ocr_par' dir='ltr' id='par_1_2' title="bbox 173 229 1275 1782">
     <span class='ocr_line' id='line_1_2' title="bbox 176 229 1248 318; baseline -0.008 -20"><span class='ocrx_word' id='word_1_2' title='bbox 176 233 453 301; x_wconf 71' lang='lat' dir='ltr'><strong>fortunatissimus</strong></span> <span class='ocrx_word' id='word_1_3' title='bbox 473 251 551 300; x_wconf 86' lang='lat' dir='ltr'><strong>mcx</strong></span> <span class='ocrx_word' id='word_1_4' title='bbox 570 229 711 301; x_wconf 71' lang='lat' dir='ltr'><strong>effectu</strong></span> <span class='ocrx_word' id='word_1_5' title='bbox 738 244 802 318; x_wconf 85' lang='lat' dir='ltr'><strong>est,</strong></span> <span class='ocrx_word' id='word_1_6' title='bbox 823 243 859 298; x_wconf 87' lang='lat' dir='ltr'><strong>et</strong></span> <span class='ocrx_word' id='word_1_7' title='bbox 877 235 1009 301; x_wconf 79' lang='lat' dir='ltr'><strong>frater</strong></span> <span class='ocrx_word' id='word_1_8' title='bbox 1033 229 1113 310; x_wconf 77' lang='lat' dir='ltr'><strong>ejus</strong></span> <span class='ocrx_word' id='word_1_9' title='bbox 1135 247 1155 290; x_wconf 85' lang='lat' dir='ltr'><strong>a</strong></span> <span class='ocrx_word' id='word_1_10' title='bbox 1174 235 1248 290; x_wconf 82' lang='lat' dir='ltr'><strong>mnu</strong></span> 
     </span>
     <span class='ocr_line' id='line_1_3' title="bbox 176 335 1253 420; baseline -0.008 -19"><span class='ocrx_word' id='word_1_11' title='bbox 176 338 247 401; x_wconf 89' lang='lat' dir='ltr'><strong>dies</strong></span> <span class='ocrx_word' id='word_1_12' title='bbox 268 337 398 403; x_wconf 85' lang='lat' dir='ltr'><strong>defecit.</strong></span> <span class='ocrx_word' id='word_1_13' title='bbox 441 335 526 402; x_wconf 86' lang='lat' dir='ltr'><strong>Cum</strong></span> <span class='ocrx_word' id='word_1_14' title='bbox 547 347 654 404; x_wconf 74' lang='lat' dir='ltr'><strong>autum</strong></span> <span class='ocrx_word' id='word_1_15' title='bbox 676 345 709 402; x_wconf 86' lang='lat' dir='ltr'><strong>et</strong></span> <span class='ocrx_word' id='word_1_16' title='bbox 735 340 809 420; x_wconf 83' lang='lat' dir='ltr'><strong>ipse</strong></span> <span class='ocrx_word' id='word_1_17' title='bbox 840 339 979 402; x_wconf 78' lang='lat' dir='ltr'><strong>haeres</strong></span> <span class='ocrx_word' id='word_1_18' title='bbox 1009 335 1147 398; x_wconf 85' lang='lat' dir='ltr'><strong>sudarii</strong></span> <span class='ocrx_word' id='word_1_19' title='bbox 1175 336 1204 394; x_wconf 90' lang='lat' dir='ltr'><strong>in</strong></span> <span class='ocrx_word' id='word_1_20' title='bbox 1223 348 1253 392; x_wconf 81' lang='lat' dir='ltr'><strong>er.</strong></span> 
     </span>
     <span class='ocr_line' id='line_1_4' title="bbox 177 437 1258 525; baseline -0.009 -18"><span class='ocrx_word' id='word_1_21' title='bbox 177 450 300 525; x_wconf 79' lang='lat' dir='ltr'><strong>ageret,</strong></span> <span class='ocrx_word' id='word_1_22' title='bbox 320 459 381 505; x_wconf 83' lang='lat' dir='ltr'><strong>suo</strong></span> <span class='ocrx_word' id='word_1_23' title='bbox 404 441 561 506; x_wconf 87' lang='lat' dir='ltr'><strong>dilectiori</strong></span> <span class='ocrx_word' id='word_1_24' title='bbox 593 443 658 505; x_wconf 90' lang='lat' dir='ltr'><strong>lilio</strong></span> <span class='ocrx_word' id='word_1_25' title='bbox 681 439 871 525; x_wconf 81' lang='lat' dir='ltr'><strong>derelequit,</strong></span> <span class='ocrx_word' id='word_1_26' title='bbox 893 443 1041 506; x_wconf 87' lang='lat' dir='ltr'><strong>dicens</strong></span> <span class='ocrx_word' id='word_1_27' title='bbox 1062 437 1134 500; x_wconf 87' lang='lat' dir='ltr'><strong>sibi</strong></span> <span class='ocrx_word' id='word_1_28' title='bbox 1143 438 1258 502; x_wconf 78' lang='lat' dir='ltr'><strong>virtuter</strong></span> 
     </span>
     <span class='ocr_line' id='line_1_5' title="bbox 178 539 1262 630; baseline -0.01 -21"><span class='ocrx_word' id='word_1_29' title='bbox 178 555 211 610; x_wconf 90' lang='lat' dir='ltr'><strong>et</strong></span> <span class='ocrx_word' id='word_1_30' title='bbox 231 547 287 610; x_wconf 91' lang='lat' dir='ltr'><strong>ubi</strong></span> <span class='ocrx_word' id='word_1_31' title='bbox 305 555 468 630; x_wconf 86' lang='lat' dir='ltr'><strong>repertum</strong></span> <span class='ocrx_word' id='word_1_32' title='bbox 490 547 617 610; x_wconf 68' lang='lat' dir='ltr'><strong>hamuel.</strong></span> <span class='ocrx_word' id='word_1_33' title='bbox 667 542 732 622; x_wconf 80' lang='lat' dir='ltr'><strong>Qu</strong></span> <span class='ocrx_word' id='word_1_34' title='bbox 759 553 894 629; x_wconf 85' lang='lat' dir='ltr'><strong>accepto</strong></span> <span class='ocrx_word' id='word_1_35' title='bbox 934 544 1104 608; x_wconf 85' lang='lat' dir='ltr'><strong>sudario</strong></span> <span class='ocrx_word' id='word_1_36' title='bbox 1134 539 1262 603; x_wconf 85' lang='lat' dir='ltr'><strong>subitol</strong></span> 
     </span>
     <span class='ocr_line' id='line_1_6' title="bbox 175 635 1275 734; baseline -0.011 -18"><span class='ocrx_word' id='word_1_37' title='bbox 175 659 237 734; x_wconf 81' lang='lat' dir='ltr'><strong>erl,</strong></span> <span class='ocrx_word' id='word_1_38' title='bbox 261 661 294 713; x_wconf 89' lang='lat' dir='ltr'><strong>et</strong></span> <span class='ocrx_word' id='word_1_39' title='bbox 314 653 362 714; x_wconf 87' lang='lat' dir='ltr'><strong>ita</strong></span> <span class='ocrx_word' id='word_1_40' title='bbox 371 649 490 714; x_wconf 84' lang='lat' dir='ltr'><strong>Judael</strong></span> <span class='ocrx_word' id='word_1_41' title='bbox 512 651 553 714; x_wconf 89' lang='lat' dir='ltr'><strong>de</strong></span> <span class='ocrx_word' id='word_1_42' title='bbox 574 653 640 716; x_wconf 89' lang='lat' dir='ltr'><strong>istu</strong></span> <span class='ocrx_word' id='word_1_43' title='bbox 661 649 748 712; x_wconf 89' lang='lat' dir='ltr'><strong>linea</strong></span> <span class='ocrx_word' id='word_1_44' title='bbox 768 650 875 732; x_wconf 82' lang='lat' dir='ltr'><strong>magis</strong></span> <span class='ocrx_word' id='word_1_45' title='bbox 896 651 997 714; x_wconf 78' lang='lat' dir='ltr'><strong>fact-i</strong></span> <span class='ocrx_word' id='word_1_46' title='bbox 1025 647 1163 708; x_wconf 83' lang='lat' dir='ltr'><strong>divites</strong></span> <span class='ocrx_word' id='word_1_47' title='bbox 1182 635 1275 724; x_wconf 67' lang='lat' dir='ltr'><strong>alul</strong></span> 
     </span>
     <span class='ocr_line' id='line_1_7' title="bbox 174 740 1275 835; baseline -0.003 -17"><span class='ocrx_word' id='word_1_48' title='bbox 174 758 218 819; x_wconf 85' lang='lat' dir='ltr'><strong>Et</strong></span> <span class='ocrx_word' id='word_1_49' title='bbox 237 757 389 820; x_wconf 78' lang='lat' dir='ltr'><strong>transivit</strong></span> <span class='ocrx_word' id='word_1_50' title='bbox 408 756 571 823; x_wconf 83' lang='lat' dir='ltr'><strong>sudarium</strong></span> <span class='ocrx_word' id='word_1_51' title='bbox 589 753 804 820; x_wconf 85' lang='lat' dir='ltr'><strong>haereditario</strong></span> <span class='ocrx_word' id='word_1_52' title='bbox 822 753 897 835; x_wconf 86' lang='lat' dir='ltr'><strong>jure</strong></span> <span class='ocrx_word' id='word_1_53' title='bbox 918 755 975 817; x_wconf 82' lang='lat' dir='ltr'><strong>de</strong></span> <span class='ocrx_word' id='word_1_54' title='bbox 1002 771 1085 816; x_wconf 88' lang='lat' dir='ltr'><strong>uno</strong></span> <span class='ocrx_word' id='word_1_55' title='bbox 1108 749 1155 814; x_wconf 83' lang='lat' dir='ltr'><strong>ad</strong></span> <span class='ocrx_word' id='word_1_56' title='bbox 1174 740 1275 815; x_wconf 78' lang='lat' dir='ltr'><strong>chuntl</strong></span> 
     </span>
     <span class='ocr_line' id='line_1_8' title="bbox 175 851 1268 945; baseline -0.012 -21"><span class='ocrx_word' id='word_1_57' title='bbox 175 861 373 945; x_wconf 73' lang='lat' dir='ltr'>temporibus</span> <span class='ocrx_word' id='word_1_58' title='bbox 393 879 497 944; x_wconf 90' lang='lat' dir='ltr'><strong>usque</strong></span> <span class='ocrx_word' id='word_1_59' title='bbox 518 861 560 923; x_wconf 86' lang='lat' dir='ltr'><strong>ad</strong></span> <span class='ocrx_word' id='word_1_60' title='bbox 582 862 726 942; x_wconf 80' lang='lat' dir='ltr'><strong>quintam</strong></span> <span class='ocrx_word' id='word_1_61' title='bbox 746 859 1043 940; x_wconf 75' lang='lat' dir='ltr'><strong>generationem,</strong></span> <span class='ocrx_word' id='word_1_62' title='bbox 1069 857 1109 917; x_wconf 88' lang='lat' dir='ltr'><strong>in</strong></span> <span class='ocrx_word' id='word_1_63' title='bbox 1134 871 1198 937; x_wconf 83' lang='lat' dir='ltr'><strong>qua</strong></span> <span class='ocrx_word' id='word_1_64' title='bbox 1217 851 1268 912; x_wconf 80' lang='lat' dir='ltr'><strong>tam</strong></span> 
     </span>
     <span class='ocr_line' id='line_1_9' title="bbox 177 949 1275 1046; baseline -0.009 -16"><span class='ocrx_word' id='word_1_65' title='bbox 177 967 341 1030; x_wconf 85' lang='lat' dir='ltr'><strong>contentio</strong></span> <span class='ocrx_word' id='word_1_66' title='bbox 361 964 448 1026; x_wconf 90' lang='lat' dir='ltr'><strong>inter</strong></span> <span class='ocrx_word' id='word_1_67' title='bbox 468 965 587 1026; x_wconf 83' lang='lat' dir='ltr'><strong>fratres</strong></span> <span class='ocrx_word' id='word_1_68' title='bbox 620 963 661 1026; x_wconf 90' lang='lat' dir='ltr'><strong>de</strong></span> <span class='ocrx_word' id='word_1_69' title='bbox 692 962 835 1046; x_wconf 84' lang='lat' dir='ltr'><strong>sudario,</strong></span> <span class='ocrx_word' id='word_1_70' title='bbox 855 969 889 1026; x_wconf 89' lang='lat' dir='ltr'><strong>et</strong></span> <span class='ocrx_word' id='word_1_71' title='bbox 912 979 977 1024; x_wconf 85' lang='lat' dir='ltr'><strong>res</strong></span> <span class='ocrx_word' id='word_1_72' title='bbox 1006 963 1052 1024; x_wconf 86' lang='lat' dir='ltr'><strong>in</strong></span> <span class='ocrx_word' id='word_1_73' title='bbox 1092 949 1275 1040; x_wconf 71' lang='lat' dir='ltr'><strong>punnmnn&#39;</strong></span> 
     </span>
     <span class='ocr_line' id='line_1_10' title="bbox 175 1060 1275 1150; baseline -0.013 -16"><span class='ocrx_word' id='word_1_74' title='bbox 175 1069 250 1140; x_wconf 78' lang='lat' dir='ltr'><strong>lloc</strong></span> <span class='ocrx_word' id='word_1_75' title='bbox 270 1069 438 1133; x_wconf 72' lang='lat' dir='ltr'><strong>audientes</strong></span> <span class='ocrx_word' id='word_1_76' title='bbox 460 1066 636 1130; x_wconf 82' lang='lat' dir='ltr'><strong>Christiani</strong></span> <span class='ocrx_word' id='word_1_77' title='bbox 657 1069 822 1130; x_wconf 83' lang='lat' dir='ltr'><strong>instabant</strong></span> <span class='ocrx_word' id='word_1_78' title='bbox 839 1086 897 1150; x_wconf 88' lang='lat' dir='ltr'><strong>pro</strong></span> <span class='ocrx_word' id='word_1_79' title='bbox 918 1065 1087 1130; x_wconf 83' lang='lat' dir='ltr'><strong>sudario</strong></span> <span class='ocrx_word' id='word_1_80' title='bbox 1111 1060 1275 1138; x_wconf 60' lang='lat' dir='ltr'><strong>habundat</strong></span> 
     </span>
     <span class='ocr_line' id='line_1_11' title="bbox 175 1166 1257 1258; baseline -0.017 -20"><span class='ocrx_word' id='word_1_81' title='bbox 175 1191 272 1258; x_wconf 83' lang='lat' dir='ltr'><strong>quam</strong></span> <span class='ocrx_word' id='word_1_82' title='bbox 292 1193 351 1256; x_wconf 89' lang='lat' dir='ltr'><strong>pro</strong></span> <span class='ocrx_word' id='word_1_83' title='bbox 372 1191 408 1238; x_wconf 89' lang='lat' dir='ltr'><strong>re</strong></span> <span class='ocrx_word' id='word_1_84' title='bbox 429 1191 499 1254; x_wconf 87' lang='lat' dir='ltr'><strong>sua,</strong></span> <span class='ocrx_word' id='word_1_85' title='bbox 519 1173 579 1236; x_wconf 86' lang='lat' dir='ltr'><strong>sed</strong></span> <span class='ocrx_word' id='word_1_86' title='bbox 599 1172 719 1236; x_wconf 87' lang='lat' dir='ltr'><strong>Judaei</strong></span> <span class='ocrx_word' id='word_1_87' title='bbox 740 1172 827 1236; x_wconf 90' lang='lat' dir='ltr'><strong>nnllo</strong></span> <span class='ocrx_word' id='word_1_88' title='bbox 854 1171 950 1236; x_wconf 88' lang='lat' dir='ltr'><strong>modo</strong></span> <span class='ocrx_word' id='word_1_89' title='bbox 978 1170 1084 1234; x_wconf 87' lang='lat' dir='ltr'><strong>dare</strong></span> <span class='ocrx_word' id='word_1_90' title='bbox 1106 1166 1257 1242; x_wconf 72' lang='lat' dir='ltr'><strong>volebant,</strong></span> 
     </span>
     <span class='ocr_line' id='line_1_12' title="bbox 177 1173 1275 1360; baseline -0.008 -18"><span class='ocrx_word' id='word_1_91' title='bbox 177 1280 267 1342; x_wconf 86' lang='lat' dir='ltr'><strong>lacta</strong></span> <span class='ocrx_word' id='word_1_92' title='bbox 287 1287 339 1342; x_wconf 86' lang='lat' dir='ltr'><strong>est</strong></span> <span class='ocrx_word' id='word_1_93' title='bbox 359 1277 476 1340; x_wconf 89' lang='lat' dir='ltr'><strong>seditio</strong></span> <span class='ocrx_word' id='word_1_94' title='bbox 497 1295 616 1360; x_wconf 77' lang='lat' dir='ltr'><strong>magua</strong></span> <span class='ocrx_word' id='word_1_95' title='bbox 635 1278 671 1340; x_wconf 92' lang='lat' dir='ltr'><strong>in</strong></span> <span class='ocrx_word' id='word_1_96' title='bbox 692 1278 889 1360; x_wconf 78' lang='lat' dir='ltr'><strong>Jerusalem,</strong></span> <span class='ocrx_word' id='word_1_97' title='bbox 910 1273 1192 1358; x_wconf 78' lang='lat' dir='ltr'><strong>insurgentibus</strong></span> <span class='ocrx_word' id='word_1_98' title='bbox 1216 1173 1275 1342; x_wconf 35' lang='lat' dir='ltr'><strong>&amp;A</strong></span> 
     </span>
     <span class='ocr_line' id='line_1_13' title="bbox 174 1372 1275 1482; baseline -0.012 -35"><span class='ocrx_word' id='word_1_99' title='bbox 174 1385 227 1446; x_wconf 90' lang='lat' dir='ltr'><strong>nis</strong></span> <span class='ocrx_word' id='word_1_100' title='bbox 248 1381 517 1446; x_wconf 77' lang='lat' dir='ltr'><strong>contra-ludaeos</strong></span> <span class='ocrx_word' id='word_1_101' title='bbox 537 1381 759 1482; x_wconf 85' lang='lat' dir='ltr'><strong>pro-sudario.</strong></span> <span class='ocrx_word' id='word_1_102' title='bbox 785 1382 878 1446; x_wconf 91' lang='lat' dir='ltr'><strong>Unde</strong></span> <span class='ocrx_word' id='word_1_103' title='bbox 900 1379 942 1446; x_wconf 90' lang='lat' dir='ltr'><strong>ad</strong></span> <span class='ocrx_word' id='word_1_104' title='bbox 959 1377 1174 1445; x_wconf 86' lang='lat' dir='ltr'><strong>sedandam</strong></span> <span class='ocrx_word' id='word_1_105' title='bbox 1190 1372 1275 1480; x_wconf 71' lang='lat' dir='ltr'><strong>selliq</strong></span> 
     </span>
     <span class='ocr_line' id='line_1_14' title="bbox 173 1482 1275 1782; baseline -0.012 -232"><span class='ocrx_word' id='word_1_106' title='bbox 173 1490 282 1550; x_wconf 83' lang='lat' dir='ltr'><strong>visum</strong></span> <span class='ocrx_word' id='word_1_107' title='bbox 299 1487 582 1571; x_wconf 62' lang='lat' dir='ltr'><strong>autumantibus,</strong></span> <span class='ocrx_word' id='word_1_108' title='bbox 604 1496 638 1552; x_wconf 91' lang='lat' dir='ltr'><strong>ut</strong></span> <span class='ocrx_word' id='word_1_109' title='bbox 656 1484 759 1568; x_wconf 86' lang='lat' dir='ltr'><strong>judex</strong></span> <span class='ocrx_word' id='word_1_110' title='bbox 770 1486 856 1548; x_wconf 92' lang='lat' dir='ltr'><strong>illius</strong></span> <span class='ocrx_word' id='word_1_111' title='bbox 878 1490 925 1550; x_wconf 87' lang='lat' dir='ltr'><strong>rei</strong></span> <span class='ocrx_word' id='word_1_112' title='bbox 949 1495 990 1550; x_wconf 87' lang='lat' dir='ltr'><strong>et</strong></span> <span class='ocrx_word' id='word_1_113' title='bbox 1018 1482 1275 1782; x_wconf 45' lang='lat' dir='ltr'><strong>sententiani]</strong></span> 
     </span>
    </p>
   </div>
   <div class='ocr_carea' id='block_1_3' title="bbox 170 1587 1275 4214">
    <p class='ocr_par' dir='ltr' id='par_1_3' title="bbox 170 1587 1275 3890">
     <span class='ocr_line' id='line_1_15' title="bbox 176 1587 1262 1674; baseline -0.007 -19"><span class='ocrx_word' id='word_1_114' title='bbox 176 1601 272 1673; x_wconf 89' lang='lat' dir='ltr'><strong>retur,</strong></span> <span class='ocrx_word' id='word_1_115' title='bbox 285 1592 409 1674; x_wconf 88' lang='lat' dir='ltr'><strong>quince</strong></span> <span class='ocrx_word' id='word_1_116' title='bbox 420 1590 625 1656; x_wconf 86' lang='lat' dir='ltr'><strong>Christianus</strong></span> <span class='ocrx_word' id='word_1_117' title='bbox 637 1608 698 1656; x_wconf 87' lang='lat' dir='ltr'><strong>uec</strong></span> <span class='ocrx_word' id='word_1_118' title='bbox 707 1591 856 1656; x_wconf 84' lang='lat' dir='ltr'><strong>Judaens</strong></span> <span class='ocrx_word' id='word_1_119' title='bbox 877 1599 968 1654; x_wconf 90' lang='lat' dir='ltr'><strong>esset</strong></span> <span class='ocrx_word' id='word_1_120' title='bbox 982 1602 1026 1654; x_wconf 87' lang='lat' dir='ltr'><strong>et</strong></span> <span class='ocrx_word' id='word_1_121' title='bbox 1036 1593 1079 1653; x_wconf 91' lang='lat' dir='ltr'><strong>in</strong></span> <span class='ocrx_word' id='word_1_122' title='bbox 1096 1587 1175 1668; x_wconf 89' lang='lat' dir='ltr'><strong>ejus</strong></span> <span class='ocrx_word' id='word_1_123' title='bbox 1183 1591 1262 1644; x_wconf 67' lang='lat' dir='ltr'><strong>settint</strong></span> 
     </span>
     <span class='ocr_line' id='line_1_16' title="bbox 174 1689 1265 1780; baseline -0.006 -20"><span class='ocrx_word' id='word_1_124' title='bbox 174 1699 289 1760; x_wconf 82' lang='lat' dir='ltr'><strong>ambae</strong></span> <span class='ocrx_word' id='word_1_125' title='bbox 309 1705 420 1780; x_wconf 89' lang='lat' dir='ltr'><strong>partes</strong></span> <span class='ocrx_word' id='word_1_126' title='bbox 434 1699 669 1761; x_wconf 76' lang='lat' dir='ltr'><strong>consentirent.</strong></span> <span class='ocrx_word' id='word_1_127' title='bbox 692 1695 787 1776; x_wconf 81' lang='lat' dir='ltr'><strong>Quod</strong></span> <span class='ocrx_word' id='word_1_128' title='bbox 799 1717 871 1760; x_wconf 92' lang='lat' dir='ltr'><strong>cum</strong></span> <span class='ocrx_word' id='word_1_129' title='bbox 890 1698 1105 1780; x_wconf 81' lang='lat' dir='ltr'><strong>placuisset,</strong></span> <span class='ocrx_word' id='word_1_130' title='bbox 1129 1689 1265 1754; x_wconf 71' lang='lat' dir='ltr'><strong>advocatu</strong></span> 
     </span>
     <span class='ocr_line' id='line_1_17' title="bbox 174 1787 1275 1888; baseline -0.021 -21"><span class='ocrx_word' id='word_1_131' title='bbox 174 1803 316 1886; x_wconf 79' lang='lat' dir='ltr'><strong>Mabius,</strong></span> <span class='ocrx_word' id='word_1_132' title='bbox 338 1821 397 1864; x_wconf 84' lang='lat' dir='ltr'><strong>rex</strong></span> <span class='ocrx_word' id='word_1_133' title='bbox 410 1800 673 1888; x_wconf 84' lang='lat' dir='ltr'><strong>Sarraceuorum,</strong></span> <span class='ocrx_word' id='word_1_134' title='bbox 692 1813 729 1866; x_wconf 92' lang='lat' dir='ltr'><strong>ut</strong></span> <span class='ocrx_word' id='word_1_135' title='bbox 751 1805 850 1868; x_wconf 83' lang='lat' dir='ltr'><strong>ferret</strong></span> <span class='ocrx_word' id='word_1_136' title='bbox 871 1805 1085 1866; x_wconf 87' lang='lat' dir='ltr'><strong>sententiam</strong></span> <span class='ocrx_word' id='word_1_137' title='bbox 1112 1796 1157 1858; x_wconf 89' lang='lat' dir='ltr'><strong>de</strong></span> <span class='ocrx_word' id='word_1_138' title='bbox 1177 1787 1275 1878; x_wconf 67' lang='lat' dir='ltr'><strong>sudriq</strong></span> 
     </span>
     <span class='ocr_line' id='line_1_18' title="bbox 175 1891 1275 1992; baseline -0.007 -18"><span class='ocrx_word' id='word_1_139' title='bbox 175 1911 283 1974; x_wconf 88' lang='lat' dir='ltr'><strong>omnia</strong></span> <span class='ocrx_word' id='word_1_140' title='bbox 303 1917 379 1972; x_wconf 86' lang='lat' dir='ltr'><strong>sunt</strong></span> <span class='ocrx_word' id='word_1_141' title='bbox 400 1907 464 1977; x_wconf 84' lang='lat' dir='ltr'><strong>sibi</strong></span> <span class='ocrx_word' id='word_1_142' title='bbox 483 1918 613 1970; x_wconf 87' lang='lat' dir='ltr'><strong>narrata</strong></span> <span class='ocrx_word' id='word_1_143' title='bbox 633 1928 653 1972; x_wconf 88' lang='lat' dir='ltr'><strong>a</strong></span> <span class='ocrx_word' id='word_1_144' title='bbox 675 1911 829 1992; x_wconf 85' lang='lat' dir='ltr'><strong>partibus.</strong></span> <span class='ocrx_word' id='word_1_145' title='bbox 849 1905 913 1986; x_wconf 80' lang='lat' dir='ltr'><strong>Qut</strong></span> <span class='ocrx_word' id='word_1_146' title='bbox 933 1917 1068 1972; x_wconf 86' lang='lat' dir='ltr'><strong>statuto</strong></span> <span class='ocrx_word' id='word_1_147' title='bbox 1098 1901 1164 1982; x_wconf 83' lang='lat' dir='ltr'><strong>die,</strong></span> <span class='ocrx_word' id='word_1_148' title='bbox 1184 1891 1275 1966; x_wconf 66' lang='lat' dir='ltr'><strong>murati</strong></span> 
     </span>
     <span class='ocr_line' id='line_1_19' title="bbox 176 1990 1273 2098; baseline 0.002 -24"><span class='ocrx_word' id='word_1_149' title='bbox 176 2015 262 2075; x_wconf 91' lang='lat' dir='ltr'><strong>omni</strong></span> <span class='ocrx_word' id='word_1_150' title='bbox 283 2011 379 2094; x_wconf 87' lang='lat' dir='ltr'><strong>plebe</strong></span> <span class='ocrx_word' id='word_1_151' title='bbox 404 2010 669 2098; x_wconf 83' lang='lat' dir='ltr'><strong>Christianorum,</strong></span> <span class='ocrx_word' id='word_1_152' title='bbox 690 2013 909 2097; x_wconf 86' lang='lat' dir='ltr'><strong>Judaeorum,</strong></span> <span class='ocrx_word' id='word_1_153' title='bbox 936 2023 969 2076; x_wconf 84' lang='lat' dir='ltr'><strong>et</strong></span> <span class='ocrx_word' id='word_1_154' title='bbox 991 2014 1157 2086; x_wconf 86' lang='lat' dir='ltr'><strong>aliorum,</strong></span> <span class='ocrx_word' id='word_1_155' title='bbox 1179 1990 1273 2076; x_wconf 46' lang='grc' dir='ltr'><strong>ΜΨ</strong></span> 
     </span>
     <span class='ocr_line' id='line_1_20' title="bbox 176 2099 1271 2202; baseline -0.01 -24"><span class='ocrx_word' id='word_1_156' title='bbox 176 2117 285 2200; x_wconf 81' lang='lat' dir='ltr'><strong>platea</strong></span> <span class='ocrx_word' id='word_1_157' title='bbox 303 2117 388 2180; x_wconf 88' lang='lat' dir='ltr'><strong>sedit</strong></span> <span class='ocrx_word' id='word_1_158' title='bbox 409 2135 482 2182; x_wconf 89' lang='lat' dir='ltr'><strong>cum</strong></span> <span class='ocrx_word' id='word_1_159' title='bbox 504 2118 667 2202; x_wconf 88' lang='lat' dir='ltr'><strong>tribunali,</strong></span> <span class='ocrx_word' id='word_1_160' title='bbox 693 2119 859 2202; x_wconf 86' lang='lat' dir='ltr'><strong>jussitque</strong></span> <span class='ocrx_word' id='word_1_161' title='bbox 889 2119 952 2183; x_wconf 88' lang='lat' dir='ltr'><strong>sibi</strong></span> <span class='ocrx_word' id='word_1_162' title='bbox 979 2112 1159 2201; x_wconf 86' lang='lat' dir='ltr'><strong>apportari</strong></span> <span class='ocrx_word' id='word_1_163' title='bbox 1183 2099 1271 2166; x_wconf 80' lang='lat' dir='ltr'><strong>suum</strong></span> 
     </span>
     <span class='ocr_line' id='line_1_21' title="bbox 175 2201 1270 2306; baseline -0.007 -18"><span class='ocrx_word' id='word_1_164' title='bbox 175 2223 218 2288; x_wconf 89' lang='lat' dir='ltr'><strong>Et</strong></span> <span class='ocrx_word' id='word_1_165' title='bbox 240 2222 370 2286; x_wconf 86' lang='lat' dir='ltr'><strong>allatum</strong></span> <span class='ocrx_word' id='word_1_166' title='bbox 392 2231 444 2286; x_wconf 87' lang='lat' dir='ltr'><strong>cst</strong></span> <span class='ocrx_word' id='word_1_167' title='bbox 465 2225 495 2287; x_wconf 91' lang='lat' dir='ltr'><strong>ei</strong></span> <span class='ocrx_word' id='word_1_168' title='bbox 514 2227 548 2286; x_wconf 92' lang='lat' dir='ltr'><strong>in</strong></span> <span class='ocrx_word' id='word_1_169' title='bbox 569 2227 700 2293; x_wconf 76' lang='lat' dir='ltr'><strong>somnio.</strong></span> <span class='ocrx_word' id='word_1_170' title='bbox 754 2227 894 2288; x_wconf 88' lang='lat' dir='ltr'><strong>Demum</strong></span> <span class='ocrx_word' id='word_1_171' title='bbox 920 2223 1024 2306; x_wconf 87' lang='lat' dir='ltr'><strong>jussit</strong></span> <span class='ocrx_word' id='word_1_172' title='bbox 1061 2201 1270 2302; x_wconf 64' lang='lat' dir='ltr'><strong>apponant*</strong></span> 
     </span>
     <span class='ocr_line' id='line_1_22' title="bbox 176 2308 1270 2412; baseline -0.016 -21"><span class='ocrx_word' id='word_1_173' title='bbox 176 2337 209 2392; x_wconf 87' lang='lat' dir='ltr'><strong>et</strong></span> <span class='ocrx_word' id='word_1_174' title='bbox 231 2330 396 2410; x_wconf 88' lang='lat' dir='ltr'><strong>copiosum</strong></span> <span class='ocrx_word' id='word_1_175' title='bbox 416 2329 524 2412; x_wconf 84' lang='lat' dir='ltr'><strong>ignem</strong></span> <span class='ocrx_word' id='word_1_176' title='bbox 549 2329 583 2391; x_wconf 91' lang='lat' dir='ltr'><strong>in</strong></span> <span class='ocrx_word' id='word_1_177' title='bbox 606 2329 712 2392; x_wconf 88' lang='lat' dir='ltr'><strong>medio</strong></span> <span class='ocrx_word' id='word_1_178' title='bbox 733 2329 877 2392; x_wconf 87' lang='lat' dir='ltr'><strong>accendi.</strong></span> <span class='ocrx_word' id='word_1_179' title='bbox 928 2329 972 2391; x_wconf 78' lang='lat' dir='ltr'><strong>Et</strong></span> <span class='ocrx_word' id='word_1_180' title='bbox 1006 2330 1150 2412; x_wconf 78' lang='lat' dir='ltr'><strong>stabant</strong></span> <span class='ocrx_word' id='word_1_181' title='bbox 1171 2308 1270 2378; x_wconf 77' lang='lat' dir='ltr'><strong>tulto·</strong></span> 
     </span>
     <span class='ocr_line' id='line_1_23' title="bbox 174 2427 1268 2520; baseline -0.014 -24"><span class='ocrx_word' id='word_1_182' title='bbox 174 2452 241 2506; x_wconf 82' lang='lat' dir='ltr'><strong>una</strong></span> <span class='ocrx_word' id='word_1_183' title='bbox 260 2443 353 2516; x_wconf 89' lang='lat' dir='ltr'><strong>parte</strong></span> <span class='ocrx_word' id='word_1_184' title='bbox 373 2435 453 2516; x_wconf 80' lang='lat' dir='ltr'><strong>rogi,</strong></span> <span class='ocrx_word' id='word_1_185' title='bbox 466 2431 643 2499; x_wconf 86' lang='lat' dir='ltr'><strong>Christiani</strong></span> <span class='ocrx_word' id='word_1_186' title='bbox 664 2435 704 2498; x_wconf 90' lang='lat' dir='ltr'><strong>ab</strong></span> <span class='ocrx_word' id='word_1_187' title='bbox 727 2434 800 2518; x_wconf 89' lang='lat' dir='ltr'><strong>alia,</strong></span> <span class='ocrx_word' id='word_1_188' title='bbox 811 2434 950 2518; x_wconf 83' lang='lat' dir='ltr'><strong>gentiles</strong></span> <span class='ocrx_word' id='word_1_189' title='bbox 970 2453 1053 2495; x_wconf 86' lang='lat' dir='ltr'><strong>vero</strong></span> <span class='ocrx_word' id='word_1_190' title='bbox 1081 2432 1170 2492; x_wconf 84' lang='lat' dir='ltr'><strong>inter</strong></span> <span class='ocrx_word' id='word_1_191' title='bbox 1185 2427 1268 2520; x_wconf 69' lang='lat' dir='ltr'><strong>ntrtttt</strong></span> 
     </span>
     <span class='ocr_line' id='line_1_24' title="bbox 173 2516 1269 2623; baseline -0.009 -21"><span class='ocrx_word' id='word_1_192' title='bbox 173 2537 249 2604; x_wconf 81' lang='lat' dir='ltr'><strong>Rex</strong></span> <span class='ocrx_word' id='word_1_193' title='bbox 274 2557 351 2622; x_wconf 82' lang='lat' dir='ltr'><strong>ergo</strong></span> <span class='ocrx_word' id='word_1_194' title='bbox 373 2521 507 2623; x_wconf 81' lang='lat' dir='ltr'><strong>accepto</strong></span> <span class='ocrx_word' id='word_1_195' title='bbox 534 2539 666 2602; x_wconf 91' lang='lat' dir='ltr'><strong>linteolo</strong></span> <span class='ocrx_word' id='word_1_196' title='bbox 695 2539 865 2623; x_wconf 86' lang='lat' dir='ltr'><strong>clamavit,</strong></span> <span class='ocrx_word' id='word_1_197' title='bbox 885 2539 1013 2602; x_wconf 86' lang='lat' dir='ltr'><strong>diceus:</strong></span> <span class='ocrx_word' id='word_1_198' title='bbox 1049 2549 1142 2600; x_wconf 88' lang='lat' dir='ltr'><strong>nuuc</strong></span> <span class='ocrx_word' id='word_1_199' title='bbox 1160 2526 1226 2589; x_wconf 60' lang='grc' dir='ltr'><strong>ΜΠ</strong></span> <span class='ocrx_word' id='word_1_200' title='bbox 1245 2516 1269 2576; x_wconf 65' lang='lat' dir='ltr'><strong>b*</strong></span> 
     </span>
     <span class='ocr_line' id='line_1_25' title="bbox 174 2615 1266 2728; baseline -0.01 -24"><span class='ocrx_word' id='word_1_201' title='bbox 174 2661 399 2724; x_wconf 67' lang='lat' dir='ltr'><strong>manuascae</strong></span> <span class='ocrx_word' id='word_1_202' title='bbox 419 2644 585 2706; x_wconf 88' lang='lat' dir='ltr'><strong>sudarium</strong></span> <span class='ocrx_word' id='word_1_203' title='bbox 605 2653 706 2728; x_wconf 90' lang='lat' dir='ltr'><strong>tuum,</strong></span> <span class='ocrx_word' id='word_1_204' title='bbox 747 2644 909 2726; x_wconf 84' lang='lat' dir='ltr'><strong>Dijudioa,</strong></span> <span class='ocrx_word' id='word_1_205' title='bbox 930 2645 983 2706; x_wconf 89' lang='lat' dir='ltr'><strong>cui</strong></span> <span class='ocrx_word' id='word_1_206' title='bbox 1003 2642 1093 2726; x_wconf 87' lang='lat' dir='ltr'><strong>parti</strong></span> <span class='ocrx_word' id='word_1_207' title='bbox 1115 2615 1266 2699; x_wconf 63' lang='lat' dir='ltr'><strong>deberitis</strong></span> 
     </span>
     <span class='ocr_line' id='line_1_26' title="bbox 174 2731 1270 2833; baseline -0.002 -24"><span class='ocrx_word' id='word_1_208' title='bbox 174 2746 236 2809; x_wconf 90' lang='lat' dir='ltr'><strong>hoc</strong></span> <span class='ocrx_word' id='word_1_209' title='bbox 258 2746 343 2811; x_wconf 89' lang='lat' dir='ltr'><strong>dicto</strong></span> <span class='ocrx_word' id='word_1_210' title='bbox 365 2747 529 2812; x_wconf 87' lang='lat' dir='ltr'><strong>linteolum</strong></span> <span class='ocrx_word' id='word_1_211' title='bbox 552 2749 688 2812; x_wconf 87' lang='lat' dir='ltr'><strong>flammis</strong></span> <span class='ocrx_word' id='word_1_212' title='bbox 709 2731 830 2833; x_wconf 78' lang='lat' dir='ltr'><strong>injecit.</strong></span> <span class='ocrx_word' id='word_1_213' title='bbox 886 2748 958 2827; x_wconf 83' lang='lat' dir='ltr'><strong>Quo</strong></span> <span class='ocrx_word' id='word_1_214' title='bbox 989 2747 1136 2829; x_wconf 84' lang='lat' dir='ltr'><strong>injecto,</strong></span> <span class='ocrx_word' id='word_1_215' title='bbox 1162 2735 1270 2802; x_wconf 69' lang='lat' dir='ltr'><strong>mnanql</strong></span> 
     </span>
     <span class='ocr_line' id='line_1_27' title="bbox 174 2837 1264 2939; baseline 0.001 -27"><span class='ocrx_word' id='word_1_216' title='bbox 174 2849 405 2934; x_wconf 87' lang='lat' dir='ltr'><strong>aliquantulum</strong></span> <span class='ocrx_word' id='word_1_217' title='bbox 422 2853 574 2937; x_wconf 83' lang='lat' dir='ltr'><strong>faciente,</strong></span> <span class='ocrx_word' id='word_1_218' title='bbox 597 2855 706 2918; x_wconf 86' lang='lat' dir='ltr'><strong>cuncti</strong></span> <span class='ocrx_word' id='word_1_219' title='bbox 724 2856 795 2939; x_wconf 87' lang='lat' dir='ltr'><strong>ejus</strong></span> <span class='ocrx_word' id='word_1_220' title='bbox 809 2853 1062 2918; x_wconf 87' lang='lat' dir='ltr'><strong>consumtionem</strong></span> <span class='ocrx_word' id='word_1_221' title='bbox 1087 2837 1264 2927; x_wconf 69' lang='lat' dir='ltr'><strong>suspicabtffll</strong></span> 
     </span>
     <span class='ocr_line' id='line_1_28' title="bbox 174 2935 1271 3043; baseline -0.004 -27"><span class='ocrx_word' id='word_1_222' title='bbox 174 2953 243 3016; x_wconf 88' lang='lat' dir='ltr'><strong>Sed</strong></span> <span class='ocrx_word' id='word_1_223' title='bbox 263 2971 362 3036; x_wconf 88' lang='lat' dir='ltr'><strong>ecce,</strong></span> <span class='ocrx_word' id='word_1_224' title='bbox 382 2959 489 3021; x_wconf 90' lang='lat' dir='ltr'><strong>subito</strong></span> <span class='ocrx_word' id='word_1_225' title='bbox 523 2959 673 3024; x_wconf 86' lang='lat' dir='ltr'><strong>illaesum</strong></span> <span class='ocrx_word' id='word_1_226' title='bbox 701 2961 743 3024; x_wconf 90' lang='lat' dir='ltr'><strong>de</strong></span> <span class='ocrx_word' id='word_1_227' title='bbox 774 2962 851 3043; x_wconf 79' lang='lat' dir='ltr'><strong>igne</strong></span> <span class='ocrx_word' id='word_1_228' title='bbox 880 2975 1101 3040; x_wconf 79' lang='lat' dir='ltr'><strong>consurgens,</strong></span> <span class='ocrx_word' id='word_1_229' title='bbox 1135 2958 1167 3014; x_wconf 90' lang='lat' dir='ltr'><strong>et</strong></span> <span class='ocrx_word' id='word_1_230' title='bbox 1184 2935 1271 3008; x_wconf 73' lang='lat' dir='ltr'><strong>inula</strong></span> 
     </span>
     <span class='ocr_line' id='line_1_29' title="bbox 173 3048 1267 3149; baseline -0.002 -27"><span class='ocrx_word' id='word_1_231' title='bbox 173 3076 303 3122; x_wconf 88' lang='lat' dir='ltr'><strong>sursum</strong></span> <span class='ocrx_word' id='word_1_232' title='bbox 324 3076 362 3122; x_wconf 88' lang='lat' dir='ltr'><strong>sc</strong></span> <span class='ocrx_word' id='word_1_233' title='bbox 382 3059 510 3146; x_wconf 87' lang='lat' dir='ltr'><strong>tollens,</strong></span> <span class='ocrx_word' id='word_1_234' title='bbox 533 3065 627 3147; x_wconf 86' lang='lat' dir='ltr'><strong>quasi</strong></span> <span class='ocrx_word' id='word_1_235' title='bbox 648 3067 720 3129; x_wconf 86' lang='lat' dir='ltr'><strong>avis</strong></span> <span class='ocrx_word' id='word_1_236' title='bbox 741 3062 896 3149; x_wconf 64' lang='lat' dir='ltr'><strong>expansis</strong></span> <span class='ocrx_word' id='word_1_237' title='bbox 916 3064 978 3126; x_wconf 89' lang='lat' dir='ltr'><strong>alis</strong></span> <span class='ocrx_word' id='word_1_238' title='bbox 1010 3062 1124 3126; x_wconf 88' lang='lat' dir='ltr'><strong>volare</strong></span> <span class='ocrx_word' id='word_1_239' title='bbox 1150 3048 1241 3132; x_wconf 76' lang='lat' dir='ltr'><strong>coepi,</strong></span> <span class='ocrx_word' id='word_1_240' title='bbox 1256 3053 1267 3092; x_wconf 59' lang='lat' dir='ltr'><strong>i·</strong></span> 
     </span>
     <span class='ocr_line' id='line_1_30' title="bbox 174 3145 1275 3254; baseline -0.008 -20"><span class='ocrx_word' id='word_1_241' title='bbox 174 3165 369 3252; x_wconf 83' lang='lat' dir='ltr'><strong>aliquamdiu</strong></span> <span class='ocrx_word' id='word_1_242' title='bbox 392 3187 451 3251; x_wconf 90' lang='lat' dir='ltr'><strong>per</strong></span> <span class='ocrx_word' id='word_1_243' title='bbox 471 3187 579 3232; x_wconf 87' lang='lat' dir='ltr'><strong>aerem</strong></span> <span class='ocrx_word' id='word_1_244' title='bbox 593 3170 831 3234; x_wconf 74' lang='lat' dir='ltr'><strong>circumvolans</strong></span> <span class='ocrx_word' id='word_1_245' title='bbox 847 3168 1004 3254; x_wconf 78' lang='lat' dir='ltr'><strong>paulatim</strong></span> <span class='ocrx_word' id='word_1_246' title='bbox 1014 3168 1124 3250; x_wconf 90' lang='lat' dir='ltr'><strong>coepit</strong></span> <span class='ocrx_word' id='word_1_247' title='bbox 1134 3145 1275 3228; x_wconf 53' lang='lat' dir='ltr'><strong>ducendi*</strong></span> 
     </span>
     <span class='ocr_line' id='line_1_31' title="bbox 172 3259 1267 3359; baseline 0.002 -23"><span class='ocrx_word' id='word_1_248' title='bbox 172 3275 216 3336; x_wconf 87' lang='lat' dir='ltr'><strong>Et</strong></span> <span class='ocrx_word' id='word_1_249' title='bbox 236 3275 365 3346; x_wconf 85' lang='lat' dir='ltr'><strong>stabant</strong></span> <span class='ocrx_word' id='word_1_250' title='bbox 386 3293 499 3339; x_wconf 89' lang='lat' dir='ltr'><strong>omnes</strong></span> <span class='ocrx_word' id='word_1_251' title='bbox 521 3278 675 3358; x_wconf 84' lang='lat' dir='ltr'><strong>suspensi</strong></span> <span class='ocrx_word' id='word_1_252' title='bbox 695 3259 852 3359; x_wconf 80' lang='lat' dir='ltr'><strong>vultibus,</strong></span> <span class='ocrx_word' id='word_1_253' title='bbox 875 3283 908 3338; x_wconf 86' lang='lat' dir='ltr'><strong>et</strong></span> <span class='ocrx_word' id='word_1_254' title='bbox 930 3273 1069 3338; x_wconf 87' lang='lat' dir='ltr'><strong>elevatis</strong></span> <span class='ocrx_word' id='word_1_255' title='bbox 1089 3267 1227 3338; x_wconf 71' lang='lat' dir='ltr'><strong>muuiblh</strong></span> <span class='ocrx_word' id='word_1_256' title='bbox 1241 3265 1267 3310; x_wconf 72' lang='lat'><strong>‘¹&#39;</strong></span> 
     </span>
     <span class='ocr_line' id='line_1_32' title="bbox 174 3359 1269 3463; baseline 0.001 -27"><span class='ocrx_word' id='word_1_257' title='bbox 174 3386 372 3461; x_wconf 79' lang='lat' dir='ltr'><strong>spectantes,</strong></span> <span class='ocrx_word' id='word_1_258' title='bbox 394 3382 449 3444; x_wconf 89' lang='lat' dir='ltr'><strong>eui</strong></span> <span class='ocrx_word' id='word_1_259' title='bbox 470 3382 553 3463; x_wconf 89' lang='lat' dir='ltr'><strong>parti</strong></span> <span class='ocrx_word' id='word_1_260' title='bbox 576 3380 729 3443; x_wconf 86' lang='lat' dir='ltr'><strong>advolare</strong></span> <span class='ocrx_word' id='word_1_261' title='bbox 747 3379 856 3444; x_wconf 87' lang='lat' dir='ltr'><strong>vellet.</strong></span> <span class='ocrx_word' id='word_1_262' title='bbox 899 3378 1030 3462; x_wconf 83' lang='lat' dir='ltr'><strong>Angelo</strong></span> <span class='ocrx_word' id='word_1_263' title='bbox 1063 3359 1167 3444; x_wconf 81' lang='lat' dir='ltr'><strong>autem</strong></span> <span class='ocrx_word' id='word_1_264' title='bbox 1195 3365 1269 3430; x_wconf 73' lang='lat' dir='ltr'><strong>duct</strong></span> 
     </span>
     <span class='ocr_line' id='line_1_33' title="bbox 172 3470 1265 3574; baseline 0.002 -32"><span class='ocrx_word' id='word_1_265' title='bbox 172 3483 304 3546; x_wconf 85' lang='lat' dir='ltr'><strong>brachia</strong></span> <span class='ocrx_word' id='word_1_266' title='bbox 326 3481 581 3548; x_wconf 86' lang='lat' dir='ltr'><strong>Christianorum</strong></span> <span class='ocrx_word' id='word_1_267' title='bbox 604 3484 763 3569; x_wconf 88' lang='lat' dir='ltr'><strong>consedit,</strong></span> <span class='ocrx_word' id='word_1_268' title='bbox 785 3487 840 3568; x_wconf 90' lang='lat' dir='ltr'><strong>qui</strong></span> <span class='ocrx_word' id='word_1_269' title='bbox 868 3484 964 3548; x_wconf 87' lang='lat' dir='ltr'><strong>flexis</strong></span> <span class='ocrx_word' id='word_1_270' title='bbox 985 3481 1134 3566; x_wconf 82' lang='lat' dir='ltr'><strong>genubus</strong></span> <span class='ocrx_word' id='word_1_271' title='bbox 1151 3470 1265 3574; x_wconf 59' lang='lat' dir='ltr'><strong>multis</strong></span> 
     </span>
     <span class='ocr_line' id='line_1_34' title="bbox 172 3563 1275 3674; baseline 0.008 -26"><span class='ocrx_word' id='word_1_272' title='bbox 172 3595 339 3672; x_wconf 87' lang='lat' dir='ltr'><strong>ceperunt,</strong></span> <span class='ocrx_word' id='word_1_273' title='bbox 363 3597 396 3652; x_wconf 87' lang='lat' dir='ltr'><strong>et</strong></span> <span class='ocrx_word' id='word_1_274' title='bbox 416 3591 449 3652; x_wconf 92' lang='lat' dir='ltr'><strong>in</strong></span> <span class='ocrx_word' id='word_1_275' title='bbox 471 3589 643 3654; x_wconf 89' lang='lat' dir='ltr'><strong>ecclesiam</strong></span> <span class='ocrx_word' id='word_1_276' title='bbox 672 3591 777 3654; x_wconf 86' lang='lat' dir='ltr'><strong>sancti</strong></span> <span class='ocrx_word' id='word_1_277' title='bbox 804 3589 948 3674; x_wconf 89' lang='lat' dir='ltr'><strong>sepulcri</strong></span> <span class='ocrx_word' id='word_1_278' title='bbox 975 3607 1049 3654; x_wconf 90' lang='lat' dir='ltr'><strong>oum</strong></span> <span class='ocrx_word' id='word_1_279' title='bbox 1083 3563 1275 3670; x_wconf 49' lang='lat' dir='ltr'><strong>magalim*</strong></span> 
     </span>
     <span class='ocr_line' id='line_1_35' title="bbox 170 3675 1263 3790; baseline -0.012 -36"><span class='ocrx_word' id='word_1_280' title='bbox 170 3702 388 3790; x_wconf 81' lang='lat' dir='ltr'><strong>portaverunt.</strong></span> <span class='ocrx_word' id='word_1_281' title='bbox 431 3695 474 3758; x_wconf 78' lang='lat' dir='ltr'><strong>ut</strong></span> <span class='ocrx_word' id='word_1_282' title='bbox 490 3697 608 3758; x_wconf 77' lang='lat' dir='ltr'><strong>muniuit</strong></span> <span class='ocrx_word' id='word_1_283' title='bbox 630 3695 676 3759; x_wconf 86' lang='lat' dir='ltr'><strong>ibi</strong></span> <span class='ocrx_word' id='word_1_284' title='bbox 697 3695 806 3758; x_wconf 90' lang='lat' dir='ltr'><strong>multis</strong></span> <span class='ocrx_word' id='word_1_285' title='bbox 828 3697 922 3758; x_wconf 89' lang='lat' dir='ltr'><strong>aunis</strong></span> <span class='ocrx_word' id='word_1_286' title='bbox 943 3699 977 3758; x_wconf 90' lang='lat' dir='ltr'><strong>iu</strong></span> <span class='ocrx_word' id='word_1_287' title='bbox 999 3711 1117 3778; x_wconf 82' lang='lat' dir='ltr'><strong>magna</strong></span> <span class='ocrx_word' id='word_1_288' title='bbox 1132 3675 1263 3758; x_wconf 75' lang='lat' dir='ltr'><strong>venerttitle</strong></span> 
     </span>
     <span class='ocr_line' id='line_1_36' title="bbox 170 3783 1275 3890; baseline 0.006 -34"><span class='ocrx_word' id='word_1_289' title='bbox 170 3796 256 3860; x_wconf 87' lang='lat' dir='ltr'><strong>inter</strong></span> <span class='ocrx_word' id='word_1_290' title='bbox 277 3797 430 3890; x_wconf 80' lang='lat' dir='ltr'><strong>reliquias</strong></span> <span class='ocrx_word' id='word_1_291' title='bbox 452 3800 557 3862; x_wconf 86' lang='lat' dir='ltr'><strong>saneti</strong></span> <span class='ocrx_word' id='word_1_292' title='bbox 578 3801 743 3884; x_wconf 88' lang='lat' dir='ltr'><strong>sepulchri</strong></span> <span class='ocrx_word' id='word_1_293' title='bbox 764 3819 829 3864; x_wconf 91' lang='lat' dir='ltr'><strong>non</strong></span> <span class='ocrx_word' id='word_1_294' title='bbox 851 3801 1024 3864; x_wconf 90' lang='lat' dir='ltr'><strong>minimum.</strong></span> <span class='ocrx_word' id='word_1_295' title='bbox 1274 3783 1275 3804; x_wconf 53' lang='lat'>¹</span> 
     </span>
    </p>

    <p class='ocr_par' dir='ltr' id='par_1_4' title="bbox 171 3877 1275 4214">
     <span class='ocr_line' id='line_1_37' title="bbox 254 3877 1261 3994; baseline -0.014 -29"><span class='ocrx_word' id='word_1_296' title='bbox 254 3899 292 3965; x_wconf 92' lang='lat' dir='ltr'><strong>ln</strong></span> <span class='ocrx_word' id='word_1_297' title='bbox 313 3918 413 3982; x_wconf 85' lang='lat' dir='ltr'><strong>super</strong></span> <span class='ocrx_word' id='word_1_298' title='bbox 427 3902 511 3965; x_wconf 87' lang='lat' dir='ltr'><strong>hane</strong></span> <span class='ocrx_word' id='word_1_299' title='bbox 532 3921 658 3970; x_wconf 88' lang='lat' dir='ltr'><strong>sacram</strong></span> <span class='ocrx_word' id='word_1_300' title='bbox 681 3906 854 3994; x_wconf 81' lang='lat' dir='ltr'><strong>ecclesiam</strong></span> <span class='ocrx_word' id='word_1_301' title='bbox 862 3907 1024 3968; x_wconf 88' lang='lat' dir='ltr'><strong>Dominus</strong></span> <span class='ocrx_word' id='word_1_302' title='bbox 1047 3903 1121 3969; x_wconf 91' lang='lat' dir='ltr'><strong>olim</strong></span> <span class='ocrx_word' id='word_1_303' title='bbox 1140 3877 1261 3966; x_wconf 74' lang='lat' dir='ltr'><strong>militib</strong></span> 
     </span>
     <span class='ocr_line' id='line_1_38' title="bbox 171 3997 1259 4092; baseline 0.005 -26"><span class='ocrx_word' id='word_1_304' title='bbox 171 4005 291 4074; x_wconf 83' lang='lat' dir='ltr'><strong>stravit</strong></span> <span class='ocrx_word' id='word_1_305' title='bbox 312 4002 479 4088; x_wconf 87' lang='lat' dir='ltr'><strong>prodigiis,</strong></span> <span class='ocrx_word' id='word_1_306' title='bbox 502 4025 636 4088; x_wconf 89' lang='lat' dir='ltr'><strong>quorum</strong></span> <span class='ocrx_word' id='word_1_307' title='bbox 656 4011 736 4072; x_wconf 91' lang='lat' dir='ltr'><strong>illud</strong></span> <span class='ocrx_word' id='word_1_308' title='bbox 758 4012 818 4075; x_wconf 92' lang='lat' dir='ltr'><strong>fuit</strong></span> <span class='ocrx_word' id='word_1_309' title='bbox 844 4011 1074 4092; x_wconf 80' lang='lat' dir='ltr'><strong>manifestum,</strong></span> <span class='ocrx_word' id='word_1_310' title='bbox 1097 4006 1170 4092; x_wconf 91' lang='lat' dir='ltr'><strong>qnod</strong></span> <span class='ocrx_word' id='word_1_311' title='bbox 1188 3997 1259 4066; x_wconf 54' lang='lat' dir='ltr'><strong>,eppo</strong></span> 
     </span>
     <span class='ocr_line' id='line_1_39' title="bbox 171 4089 1275 4214; baseline 0.01 -50"><span class='ocrx_word' id='word_1_312' title='bbox 171 4105 328 4166; x_wconf 81' lang='lat' dir='ltr'><strong>sabbatho</strong></span> <span class='ocrx_word' id='word_1_313' title='bbox 349 4114 463 4214; x_wconf 72' lang='lat' dir='ltr'><strong>sancto</strong></span> <span class='ocrx_word' id='word_1_314' title='bbox 483 4095 636 4186; x_wconf 81' lang='lat' dir='ltr'><strong>&#39;paschae</strong></span> <span class='ocrx_word' id='word_1_315' title='bbox 654 4114 740 4177; x_wconf 87' lang='lat' dir='ltr'><strong>omni</strong></span> <span class='ocrx_word' id='word_1_316' title='bbox 761 4123 959 4197; x_wconf 79' lang='lat' dir='ltr'><strong>congregato</strong></span> <span class='ocrx_word' id='word_1_317' title='bbox 989 4113 1090 4196; x_wconf 78' lang='lat' dir='ltr'><strong>vulgo</strong></span> <span class='ocrx_word' id='word_1_318' title='bbox 1125 4123 1152 4178; x_wconf 86' lang='lat' dir='ltr'><strong>et</strong></span> <span class='ocrx_word' id='word_1_319' title='bbox 1174 4089 1275 4174; x_wconf 62' lang='lat' dir='ltr'><strong>,miili</strong></span> 
     </span>
    </p>
   </div>
   <div class='ocr_carea' id='block_1_4' title="bbox 0 0 1302 4788">
    <p class='ocr_par' dir='ltr' id='par_1_5' title="bbox 0 0 1302 4788">
     <span class='ocr_line' id='line_1_40' title="bbox 0 0 1302 4788; baseline 0 0"><span class='ocrx_word' id='word_1_320' title='bbox 0 0 1302 4788; x_wconf 95' lang='lat' dir='ltr'><strong> </strong></span> 
     </span>
    </p>
   </div>
  </div>
 </body>
</html>
