2608 4842
707 149 774 214 Μ

158 343 409 421 cnrrseqnenter,
431 333 517 418 quoti
538 333 709 400 columnae
734 335 811 398 illae
833 334 906 398 ideo
927 334 1017 396 sine
1043 329 1220 393 cessatione
1235 329 1253 389 lt

159 446 236 528 qnia
257 443 413 524 homines,
429 441 485 522 qui
507 457 635 522 semper
656 441 734 502 llere
763 439 918 502 deberent
940 447 981 502 et
1011 435 1149 499 Christi
1167 435 1255 514 passio

159 557 191 610 at
212 565 274 610 sna
296 547 424 629 propria
444 554 581 628 paccata
604 553 638 607 et
659 544 876 608 altentatem
897 544 1009 627 hujus
1027 541 1195 620 miseriae,
1205 538 1261 621 goul

158 659 193 716 et
213 650 329 714 rident.
369 653 413 714 lit
433 652 463 713 si
483 651 632 714 lrernirtes
655 667 676 710 a
698 650 765 712 risu
787 651 1012 733 intemperato
1039 646 1234 710 abstinerent
1246 643 1264 722 lt

158 757 218 820 tles
239 757 402 840 lacrymas
424 774 489 819 non
521 753 708 824 liraderent.
747 755 815 817 Alii
843 755 1023 838 simplices
1061 757 1101 816 in
1123 752 1206 814 bona
1221 748 1271 834 lile¹

158 861 210 925 lis
232 862 391 926 momnis
412 859 533 943 dieunt,
555 859 642 942 quad
664 859 794 926 Christo
816 863 961 944 patiente
972 861 1107 923 Maria
1132 857 1219 936 virgo
1234 853 1271 926 loll

160 967 301 1050 repleta,
332 965 532 1047 solatiaris,
564 968 615 1028 sic
644 965 706 1026 has
732 966 899 1028 columnas
938 975 993 1027 est
1034 961 1168 1026 all'ata:
1201 969 1271 1034 nort

160 1073 279 1156 inquit,
311 1071 398 1155 quoti
430 1069 538 1132 dolen
569 1087 711 1152 meeum,
744 1079 777 1132 et
799 1078 924 1134 tantum
954 1070 1109 1154 pondus
1132 1063 1264 1128 amaritr'

160 1177 231 1240 sola
260 1175 397 1240 sufferre
433 1174 594 1257 quamodo
624 1172 779 1258 pessumi
823 1176 897 1239 Vos
929 1194 1014 1258 ergo
1056 1171 1197 1256 lapides
1222 1191 1243 1228 u

161 1281 247 1349 fleta.
296 1282 358 1344 His
390 1277 486 1344 dictis
517 1281 613 1362 aquis
648 1279 772 1347 stillare
801 1289 986 1364 coeperunt.
1047 1279 1113 1342 Do
1143 1277 1196 1338 his
1223 1059 1271 1368 (Ξ

160 1386 212 1448 nis
233 1386 318 1448 sorta
338 1385 454 1448 dicitur
484 1382 563 1466 Sap.
586 1386 642 1448 lla
666 1385 741 1449 data
762 1395 815 1448 est
846 1387 911 1450 illia
938 1405 1029 1470 aqna
1062 1383 1116 1446 de
1139 1371 1271 1464 petroli

160 1492 261 1570 sima,
300 1497 331 1550 et
370 1491 499 1572 requies
536 1491 610 1554 sitis
654 1491 696 1554 dc
734 1490 842 1573 lapide
880 1490 971 1560 duro.
1036 1491 1091 1552 Et
1136 1485 1242 1546 Halae

159 1592 284 1674 lapides
321 1592 362 1656 de
392 1595 516 1675 pariete
547 1595 739 1660 clamabunt.
784 1598 828 1660 Et
857 1596 931 1658 Job.
961 1595 1012 1658 a:
1065 1595 1132 1675 qui
1163 1601 1265 1651 cunuti

160 1707 292 1778 terram,
326 1701 488 1762 concutiet
522 1700 688 1764 columnas
726 1701 806 1784 ejus.
860 1701 925 1781 ua,
954 1717 1044 1780 quae
1078 1715 1186 1780 supra
1206 1689 1250 1754 diri

159 1803 335 1885 crumnis,
369 1804 479 1867 auara
507 1824 529 1866 a
563 1805 690 1870 aeveus
723 1812 757 1866 et
792 1805 993 1887 simpronio
1024 1800 1225 1877 carnoten,
1244 1806 1261 1852 n

158 1910 356 1980 mulierculis
377 1909 524 1992 devotis,
543 1929 676 1992 quarum
699 1909 775 1975 nolo
794 1927 948 1992 spernere
970 1913 1158 1991 pietatem,
1178 1891 1271 2070 aaut}

159 2035 234 2078 cere
255 2015 468 2080 devotionern.
512 2014 589 2078 Scio
608 2024 714 2078 autern
736 2016 835 2098 bene,
855 2015 941 2098 quod
963 2033 1013 2097 ea,
1032 2033 1135 2097 quae
1156 2003 1252 2091 operati

159 2127 295 2181 naturae
316 2119 387 2180 fieri
409 2129 556 2202 possunt,
571 2140 634 2182 non
657 2131 734 2186 sunt
754 2119 945 2184 ascribenda
966 2120 1164 2198 miraculis3
1185 2104 1268 2174 aeteri

159 2232 248 2290 certa
268 2225 396 2305 species
413 2223 541 2306 lapidis,
564 2225 598 2288 in
619 2243 740 2306 gernere
762 2245 964 2307 marmorum,
982 2225 1122 2288 emdros
1146 2214 1249 2302 appell·

159 2329 286 2414 deque
307 2348 435 2412 semper
457 2348 543 2412 aqua
562 2331 672 2412 stillat,
693 2332 877 2413 ubicunque
896 2332 929 2394 ln
950 2329 1104 2398 aedilicio
1127 2326 1218 2392 fucrit
1231 2320 1267 2380 lut

160 2444 228 2517 tus,
250 2437 326 2520 quia
348 2455 390 2502 err
411 2435 621 2517 frigidissima
643 2435 714 2518 ejus
739 2435 961 2518 complexione
981 2439 1091 2498 aerem
1117 2431 1248 2498 oironnst

160 2550 224 2604 tem
253 2540 466 2606 incrassando
503 2543 750 2607 transmutatio
781 2560 914 2627 aquam,
944 2543 1037 2628 quasi
1069 2543 1107 2608 in
1138 2527 1268 2602 habenti!

161 2644 370 2726 aptitudinem
403 2645 517 2708 l'aciles
548 2649 704 2710 transitus
734 2664 839 2728 aquae
859 2647 893 2710 in
914 2666 1021 2710 aeram
1054 2636 1252 2712 subtiliandnr

161 2751 246 2812 aeris
266 2750 300 2810 iu
325 2765 442 2828 aquarn
463 2733 688 2834 inspissaudo,
710 2769 774 2833 qno
795 2751 854 2834 lit,¹
871 2761 905 2814 ut
927 2756 1034 2816 airam
1057 2769 1178 2836 aquarn
1203 2743 1267 2805 factu

160 2862 192 2920 et
213 2860 326 2934 petrae
347 2853 604 2936 circumpositam
618 2856 804 2921 naturaliter
825 2875 883 2939 per
902 2866 1014 2940 guttas
1036 2837 1178 2922 desudet
1196 2862 1255 2927 apt

160 2956 322 3024 decidens,
386 2957 479 3020 Unde
521 2961 628 3027 simile
675 2959 793 3023 dicitur
833 2959 1115 3045 Constantinopoli
1146 2965 1181 3026 in
1216 2957 1268 3014 veta

159 3063 294 3147 palatio,
329 3063 382 3126 nbi
413 3065 448 3125 in
470 3066 605 3147 quodam
629 3067 811 3136 habitaculo
840 3075 916 3131 sunt
947 3069 1092 3130 conchae
1127 3061 1271 3230 marmurJ

158 3168 201 3232 tle
221 3167 319 3230 simili
340 3166 463 3254 lapide,
497 3189 581 3254 quae
601 3191 660 3254 per
681 3189 718 3234 se
749 3173 837 3256 ipsas
859 3191 944 3256 aqua
977 3174 1159 3255 replentur,
1193 3158 1249 3228 cli

158 3283 376 3359 evacuantur,
399 3277 532 3358 iterum,
554 3276 642 3340 nullo
663 3279 794 3344 homino
822 3278 977 3360 iaciente,
1011 3278 1184 3360 replentur.
1223 3245 1271 3424 0ῧῇ

157 3383 278 3464 vulgus
298 3389 424 3465 stupet,
456 3389 572 3450 tenens
598 3402 656 3464 pro
684 3383 854 3466 miraculo,
891 3383 978 3465 quod
997 3391 1105 3446 tamen
1133 3369 1271 3446 natunlit

158 3483 204 3556 tit,
247 3483 304 3554 sto
336 3487 432 3554 cretio
465 3505 541 3550 esse
570 3487 654 3550 istas
686 3487 854 3550 columnas
880 3489 1103 3572 emdronicas,
1133 3477 1258 3552 naturali

158 3586 328 3658 madentes
351 3600 383 3652 at
405 3591 573 3664 sudantes,

240 3692 278 3752 ln
300 3693 412 3760 cariem
430 3697 556 3779 capella
575 3706 628 3769 cst
647 3715 713 3762 nna
729 3697 856 3780 lapidea
878 3699 1003 3762 concha
1026 3699 1061 3760 in
1091 3715 1192 3777 muro,
1216 3689 1228 3770 J'

158 3791 259 3854 clim
290 3813 348 3876 pra
377 3816 462 3884 aqua
485 3802 653 3866 benedicta
681 3803 892 3886 imponenda,
916 3822 1000 3888 qnae
1025 3803 1093 3886 jorn
1118 3813 1232 3881 semper

158 3913 263 3966 vacua
283 3905 318 3958 et
336 3901 410 3962 alne
427 3921 511 3986 aqna
531 3907 711 3978 benedicta.
754 3911 791 3973 ln
825 3911 909 3972 hanc
939 3907 1097 3974 concham
1128 3906 1193 3968 dum
1211 3901 1266 3963 lull

158 4007 255 4082 ,vaput
275 4003 367 4083 ponit
382 4012 416 4066 ot
435 4009 604 4092 auscultat,
627 4011 716 4076 audit
739 4014 831 4096 quasi
843 4013 1019 4079 stridentes
1038 4011 1157 4095 ignium
1169 4005 1268 4072 tinnuli

159 4115 191 4168 οἱ
212 4106 396 4185 Sitifim,
425 4111 519 4186 qllflssi
548 4112 719 4178 decursum
749 4135 904 4198 aquarum
933 4117 1122 4197 multarum,
1144 4109 1264 4196 praecipi*

160 4212 279 4286 tamen,
301 4205 429 4282 quando
450 4206 545 4268 ¹¹⁰¹¹¹⁰
565 4211 655 4277 suus
677 4224 729 4276 est
746 4219 780 4284 in
802 4220 938 4306 capella,
960 4229 992 4285 et
1002 4222 1084 4284 haec
1096 4220 1194 4292 audire
1202 4209 1265 4304 cupii·
