2640 4792
618 75 743 176 'ecs

128 315 171 362 ne
192 297 396 360 maliasetum
416 291 563 358 dicimus.
607 293 650 356 Et
669 291 851 375 reperimus
877 291 922 355 lbi
941 309 1027 355 uvas
1050 299 1230 354 maturas
1259 289 1308 352 illa

127 399 182 466 die
202 402 295 465 aleas
315 410 348 464 et
368 399 480 482 nigras
501 407 534 461 et
556 399 589 460 in
610 397 816 460 morianna
839 395 924 476 Quia
935 406 1047 462 autem
1062 405 1215 460 ventus
1224 396 1308 458 bonu

128 516 207 590 croi,
230 505 350 571 dictum
371 505 434 568 fuit
453 505 557 586 uobis,
578 503 665 588 quod
677 504 721 566 'in
746 511 850 566 nome
863 504 1024 566 recessuri
1039 519 1235 585 esserum,
1256 501 1308 564 ido

129 625 232 672 coena
242 616 374 692 peracta
393 612 428 673 iu
448 607 578 694 galeam
597 607 723 682 reversi
733 624 846 670 sumus
867 615 899 670 ot
912 616 1042 670 nomem
1057 611 1097 670 in
1110 626 1167 670 ea
1182 609 1306 690 egimus

211 713 348 778 Decima
381 732 467 777 nono
492 712 564 796 die,¹
591 733 676 799 quae
706 704 760 777 esi
786 714 940 778 Gervasli
975 721 1009 775 et
1042 713 1221 793 Protesii,
1251 731 1305 774 cun

129 822 385 884 sumexiasemus
400 828 435 886 et
454 837 621 884 recessum
641 837 856 904 speraremus,
877 818 1019 882 vidimus
1039 819 1151 902 quorl·
1165 818 1305 902 galeone

129 932 358 1007 aporiaverunt
379 923 421 988 de
441 926 518 990 navi
541 925 575 987 in
597 926 761 1014 civitatem
793 941 878 990 suas.
893 941 1020 1013 merces
1043 923 1091 986 ad
1115 920 1302 1006 forum,rt

127 1028 349 1093 venditionem
371 1029 590 1113 exponendas.
633 1014 707 1092 Hoc
727 1030 802 1092 viso
818 1027 1056 1094 intelleximus.
1073 1029 1226 1111 galeam
1251 1046 1298 1090 nor

127 1133 362 1222 profecturam,
389 1138 502 1202 statim
531 1143 566 1200 et
592 1138 627 1200 iu
656 1136 755 1220 barca
789 1132 831 1196 ad
862 1133 947 1196 litus·
971 1133 1105 1198 reducti
1136 1135 1297 1197 &mutem

127 1239 341 1322 intravimus,
369 1250 405 1308 oi
434 1241 476 1308 ad
511 1239 759 1308 Pmelimtores
790 1239 942 1312 Missam
962 1237 1180 1304 audivimus.
1234 1238 1294 1300 Post

127 1343 264 1410 Missam
286 1345 327 1410 ad
350 1347 690 1429 hospitiumnostrnm
702 1346 913 1408 transivimus
935 1343 1170 1426 alprandium
1195 1349 1293 1408 benun

127 1447 317 1536 imbuimusq
345 1453 432 1516 lactc
454 1460 563 1515 autem
591 1451 727 1535 prandia
758 1469 817 1534 per
843 1449 1001 1513 eremias
1033 1457 1084 1512 ot·
1101 1451 1292 1516 moment

128 1553 275 1622 civitatis
294 1557 516 1638 transivimus,
538 1564 573 1620 et
594 1557 748 1641 reliquias
770 1555 949 1620 deosculati
970 1548 1098 1637 suiuus,
1123 1555 1173 1618 (le
1190 1559 1289 1640 quitus

129 1659 276 1723 omnibus
314 1663 348 1723 in
377 1659 483 1724 reditu
517 1662 605 1724 clare
643 1660 760 1726 dicam.
812 1661 1131 1744 Advesporascsnte
1164 1660 1222 1722 die
1247 1679 1287 1742 per

127 1765 276 1829 tubamm
313 1783 420 1832 voces¹
452 1767 597 1830 revocati
627 1785 739 1830 sumus
767 1768 802 1828 in
833 1766 977 1850 grisam,
1008 1771 1044 1829 et
1071 1783 1155 1828 cum
1177 1767 1214 1828 in
1234 1785 1285 1828 ean

130 1872 352 1958 venissemus,
379 1874 525 1946 cessauit
552 1879 673 1936 ventus
694 1875 807 1954 honus,
829 1859 978 1960 qui'tota
996 1871 1051 1934 die
1068 1871 1236 1956 flaverat,
1260 1879 1284 1932 et

129 1979 307 2048 mansimus
324 1995 383 2062 per
404 1984 532 2044 noctem
554 1979 604 2042 sic
624 1980 659 2041 in
679 1984 776 2061 portu
796 1995 870 2042 cum
891 1975 999 2042 toedio
1020 1983 1056 2040 et
1077 1996 1246 2042 murmure
1260 1987 1284 2036 et

129 2082 343 2164 impatientia.
598 2119 605 2133 ·
1119 2125 1124 2132 .

210 2184 379 2252 Vicesima
400 2187 453 2253 elie
480 2199 558 2256 ante
572 2191 707 2268 lacem.
727 2209 801 2254 cum
829 2207 947 2274 magno
963 2188 1083 2265 labore
1114 2187 1282 2254 mauult

128 2289 255 2376 galeam
275 2300 369 2358 extra
389 2303 515 2378 portum
535 2303 716 2360 cretensem
739 2301 774 2358 et
794 2314 853 2378 per
873 2288 1016 2378 tepidum
1037 2301 1180 2358 ventum
1201 2293 1281 2358 delati

129 2413 243 2462 sumus
276 2396 318 2461 ad
344 2398 515 2467 Steudiam
547 2402 695 2470 insillam.
742 2400 828 2465 Sunt
848 2402 934 2484 enim
964 2397 1094 2484 Calidio
1122 2400 1233 2466 imula
1255 2405 1280 2460 et

130 2500 387 2570 Stanrllairrsilla
404 2526 447 2571 ex
466 2511 627 2591 musitio
652 2511 747 2590 sitne,
769 2511 804 2568 ct
823 2508 991 2568 stabamus
1013 2503 1165 2567 inmedie
1187 2521 1280 2568 earuu

129 2609 202 2672 sinc
222 2609 382 2692 proiectu.
425 2609 524 2676 Circa
543 2613 709 2682 meridiem
730 2618 839 2675 autem
858 2611 951 2672 venit
967 2614 1095 2672 ‚ventus
1124 2627 1239 2672 recens
1254 2615 1279 2670 et

131 2715 245 2795 bnans,
267 2719 301 2773 et
319 2713 395 2776 tulit
413 2732 475 2788 nqs
494 2715 625 2780 domari
644 2719 765 2782 cretico
786 2717 820 2778 in
835 2733 931 2780 mare
948 2733 1084 2798 aegeum
1106 2714 1150 2776 ul
1165 2713 1279 2778 insulas

130 2814 320 2900 Cycladum,
342 2818 376 2878 in
397 2819 514 2900 quibus
535 2820 717 2884 ferebamur
737 2823 801 2884 hoc
821 2821 875 2884 (lle
896 2809 931 2884 et
948 2827 1047 2884 nocte
1066 2821 1229 2903 sequenti.

214 2921 382 2986 Vicesima
413 2923 516 3006 prima
546 2927 580 2988 in
619 2927 724 2990 medio
746 2925 927 3011 (iycladurn
958 2941 1102 3006 eramus,
1133 2933 1279 2990 conantes

129 3032 244 3090 contra
275 3023 402 3090 Rodum
417 3020 420 3026 ’
437 3030 592 3114 insulam,
635 3051 719 3116 quae
761 3034 863 3116 prima
897 3040 932 3095 et
971 3038 1068 3116 caput
1112 3030 1277 3094 insularum

129 3129 310 3218 Cycladum
350 3140 426 3216 ost,
472 3152 493 3199 a
533 3145 629 3220 perte
667 3133 825 3225 emeritall.
891 3136 987 3200 Circa
1024 3125 1198 3199 'meridiem
1244 3153 1277 3196 er

128 3240 249 3308 circulo
279 3235 459 3324 Cycladum
492 3240 590 3324 ejecti
616 3259 729 3321 sumus
764 3243 798 3304 in
834 3229 1016 3326 regionem,
1056 3259 1137 3325 quae
1167 3239 1277 3304 dicitur

128 3342 280 3432 Napulia,
297 3365 382 3432 quae
404 3347 494 3431 regie
516 3354 568 3411 est
586 3348 700 3433 prima,
721 3365 816 3430 qnam
836 3349 936 3411 'lurci
956 3345 1159 3412 obsederunt.
1201 3346 1275 3410 Post

129 3445 257 3529 longam
285 3453 369 3515 enim
409 3455 497 3517 orbis
523 3454 748 3538 evagationem
789 3449 921 3536 (nos)
950 3455 983 3514 in
1009 3451 1093 3516 hanc
1124 3451 1274 3532 regionem

130 3553 497 3622 venlmrtesinterlectis
507 3559 744 3624 habitatoribus
765 3537 836 3640 ejus
847 3565 881 3621 et
902 3559 1069 3641 oppressis
1091 3557 1273 3638 ibiregnare

128 3661 313 3735 cooperunt
333 3656 385 3724 Ex
405 3661 467 3724 hac
493 3667 626 3746 regione
651 3670 753 3727 totam
773 3662 888 3726 Asiam
918 3665 1073 3725 minorem
1095 3659 1271 3724 Christianis

129 3754 268 3820 ablatam
297 3759 361 3824 rllri
392 3763 655 3848 subjugaverunt.
707 3769 812 3851 Igitur
832 3773 999 3832 transacta
1019 3765 1146 3832 meridie
1163 3775 1269 3830 ventus

128 3859 291 3948 paululum
318 3862 417 3928 desiit
438 3867 480 3930 ad
499 3869 626 3936 lroranm
648 3871 708 3936 sed
728 3879 844 3955 pastea
871 3872 985 3935 lortlor
1017 3889 1037 3933 a
1056 3872 1184 3954 Napulia
1212 3889 1267 3934 nos

128 3973 244 4034 contra
262 3965 389 4034 lindum
410 3968 514 4056 duint,
535 3975 732 4040 etcelerlter
749 3977 790 4040 acl
802 3983 955 4041 meritona
967 3973 1053 4038 ltodi
1072 3975 1264 4056 ascendimus,

129 4081 242 4142 contre
263 4070 434 4140 Colossum
462 4077 641 4160 civitatem,
669 4077 878 4157 principalem
904 4082 1039 4146 insulae.
1090 4084 1200 4145 Interea
1217 4081 1262 4145 sol

128 4179 249 4246 woldll
292 4195 421 4260 noxque
468 4195 530 4240 nos
570 4177 830 4259 comprehendit,
872 4192 1045 4267 antequam
1086 4186 1119 4247 in
1151 4193 1259 4266 portum
