2780 4776
669 113 734 180 dbb

120 307 153 360 et
186 297 352 362 cantharis
378 297 487 360 vinum
522 311 626 379 usqne
656 296 698 359 ad
726 296 830 360 iocum
862 305 1020 378 torturae,
1051 306 1088 360 ut
1119 305 1153 360 et
1183 295 1293 358 eidem

120 403 370 483 inebriaremur,
404 388 453 464 ut'
472 401 591 464 dictum
622 398 675 463 est'
700 419 800 484 snpra
825 397 930 482 (m
941 400 996 484 Δ)
1029 397 1082 462 fol.
1115 400 1186 466 lta.
1234 398 1295 462 Sic

123 507 220 570 etiam
249 501 380 568 tradidit
409 499 590 568 fa'ciendnro
623 503 774 588 Taimud,
805 514 969 586 statuens,
995 507 1167 569 morituros
1198 504 1295 586 prius

122 611 291 694 inebriari,
318 616 354 672 ut
382 606 570 693 impleretur
596 608 766 694 Scriptura
796 611 893 674 Peos.
926 609 996 674 ib:
1018 607 1104 674 Date
1132 593 1295 692 'syceram

122 715 360 798 moerentibus‚·
387 723 419 776 et
441 716 550 778 vinum
579 715 648 799 bis,
675 712 732 798 qui
757 731 866 780 amaro
897 721 973 778 snut
1001 714 1125 793 anim03
1140 776 1150 792 ,
1168 711 1296 794 bibant,

122 816 154 882 of
175 806 407 883 oblibiscantur
426 817 547 884 doio'ris
566 818 627 884 sai
671 817 725 884 Ad
746 819 808 882 bas
830 835 910 902 ergo
932 817 1100 898 tabem,
1127 833 1205 880 cunr
1227 834 1295 878 ve-

121 909 225 986 nisset
237 923 396 988 Dominus
411 923 514 991 destas
534 941 618 986 cum
631 939 729 986 cruce
750 931 782 986 et
803 923 930 987 duobus
953 921 1132 987 latronibus
1150 930 1228 984 curn
1251 937 1294 982 eo

122 1026 365 1112 crucifigendis,
394 1035 624 1113 processerunt
657 1027 849 1090 festinanter
879 1023 1296 1108 domnoniensem

123 1148 195 1196 cum
218 1131 290 1197 aitte
313 1132 438 1196 duebrm
459 1130 685 1214 substiterunt,
715 1141 923 1214 apportantes
945 1133 994 1194 eis
1016 1139 1154 1216 pomp
1173 1139 1207 1192 et
1231 1149 1293 1213 pro

122 1237 263 1300 Domino
284 1235 366 1300 dese
390 1233 532 1302 tulerunt
554 1257 596 1302 ex
616 1238 754 1321 bospitio
777 1237 976 1322 myrrhatum
997 1236 1123 1324 unum,
1146 1233 1235 1317 quod
1256 1236 1294 1298 in

122 1342 194 1405 loco
221 1331 441 1407 omntxioots
472 1343 550 1424 fuit,
583 1350 625 1405 et.
649 1323 830 1404 ministrant
864 1338 1178 1422 (ministraverunt),
1199 1339 1294 1437 quood

121 1453 233 1510 tammo
254 1463 320 1509 non
341 1448 485 1530 accepit,
508 1456 545 1509 ut
566 1445 682 1510 dieitur
703 1445 821 1509 Matth.
845 1439 898 1523 8⁷.
941 1443 1015 1508 Nec
1037 1445 1181 1528 iegitur„
1200 1443 1295 1528 quod

123 1549 179 1612 alii
200 1549 264 1611 dno
284 1535 495 1634 crucifigendi
513 1551 716 1636 portaverint
737 1565 852 1616 cruces
873 1567 968 1632 suas,
989 1529 1048 1613 sed
1064 1551 1154 1624 mii
1174 1548 1291 1634 ebrum

123 1660 344 1736 portaverint.
404 1653 647 1718 desudantem
682 1657 844 1721 Dominus
881 1663 990 1718 noster
1020 1670 1115 1728 manu
1146 1653 1295 1737 penam

123 1756 320 1840 patibulum,
341 1758 417 1841 quia
438 1776 551 1824 omnes
572 1761 667 1824 amici
688 1760 761 1843 ιηἰιε
780 1757 1023 1842 dereliquerunt
1041 1774 1132 1844 eum,
1145 1765 1192 1820 'iet
1219 1754 1294 1820 noti

123 1861 195 1944 ejus
216 1873 421 1928 recesserunt
447 1867 487 1929 ab
510 1884 558 1929 eo.
579 1865 690 1950 Magis
711 1871 818 1928 autem
837 1864 1033 1932 festinabant
1052 1881 1125 1926 curn
1145 1862 1294 1945 Domino

122 1966 205 2032 stu
246 1982 343 2052 quam
378 1987 451 2031 cum
484 1967 576 2055 aliis,
603 1972 696 2055 quia,
727 1987 770 2032 ex
801 1953 865 2052 quo
893 1967 1018 2030 Pilatus
1048 1967 1150 2030 invite
1171 1966 1295 2030 tulerat

122 2073 326 2154 sententiam,
340 2081 372 2136 et
393 2082 529 2138 coactns
551 2094 661 2139 eorum
681 2074 981 2156 importunitatibus
1004 2029 1292 2156 penrit3vdiunteti

122 2192 242 2259 eorum,
261 2177 427 2262 timebant,
450 2177 583 2244 neforto
604 2175 810 2261 sententiam,
832 2196 928 2264 quam
948 2177 1069 2260 injuste
1091 2177 1188 2238 iotam
1211 2175 1293 2237 estre

123 2279 266 2375 sciebat,
287 2289 464 2346 revocaret.
497 2282 574 2348 Ideo
597 2283 802 2372 festinabant.
841 2281 938 2347 Circa
958 2283 1044 2346 bunc
1063 2283 1171 2349 locum
1192 2279 1295 2344 steti-

125 2400 197 2449 mus
234 2393 270 2448 et
291 2369 333 2450 e‘x
355 2388 589 2472 compassionis
610 2387 730 2454 affectu
752 2388 927 2468 cresimus.

329 2635 469 2712 Domus
492 2648 643 2716 sanctae
667 2639 848 2715 foeminae
872 2633 1091 2712 Veronicae.
1210 2616 1226 2725 ⁸,

210 2816 337 2880 Deinde
370 2821 537 2900 progressi
568 2819 604 2882 in
636 2819 796 2884 descensu
817 2818 966 2883 venimus
993 2813 1034 2878 ad
1056 2813 1160 2876 iocum
1181 2809 1297 2875 vero·

125 2923 239 3006 nicae,
276 2940 361 3006 qnae
390 2920 507 2986 dicitnr
533 2923 636 2988 fuisse
668 2924 784 2986 mulier
816 2923 872 2986 iiia
903 2920 1062 3003 sanguine
1093 2903 1295 2980 nuens'xit

126 3026 240 3109 annis,
262 3034 293 3088 ot
315 3024 358 3090 ad
379 3033 500 3090 tactum
532 3030 676 3092 fimbriae
696 3028 883 3094 vestimenti
903 3026 1066 3090 occultum
1088 3023 1149 3086 fnit
1169 3027 1294 3100 cums,

127 3133 223 3214 quim
245 3131 407 3194 Dominus
430 3129 530 3194 filiam
552 3133 701 3216 vocavit,
724 3131 821 3198 tidem
842 3132 913 3216 ejus
930 3130 1293 3214 plurimumcommen-

127 3217 226 3320 dans,
248 3244 284 3299 ut
305 3235 442 3300 habetur
462 3237 577 3301 Matth.
600 3238 631 3300 9.
674 3238 771 3300 Hanc
793 3236 920 3322 qnidam
943 3235 1055 3298 dieunt
1075 3233 1178 3296 fuisse
1197 3228 1291 3303 biar-

126 3341 223 3404 tbom.
274 3339 342 3404 Sed
370 3341 536 3408 Eusebius
567 3343 638 3406 Lib.
668 3341 743 3404 VII.
778 3341 905 3406 Dcoles.
938 3340 1061 3417 Histor.
1091 3336 1186 3418 dicit,
1219 3352 1291 3398 eam

125 3445 320 3511 veronicam
343 3445 463 3529 fuisso,
486 3465 568 3532 quae
589 3456 702 3512 curata
722 3463 742 3508 a
763 3445 901 3513 Domino
927 3445 1125 3529 sequebatur
1146 3457 1237 3522 eum,
1259 3448 1292 3502 et

126 3557 195 3611 erat
224 3557 372 3612 matrona
397 3553 573 3614 sanctitate
600 3561 634 3614 et
653 3551 812 3634 pudicitia
825 3575 827 3579 ·
842 3550 991 3632 insignis.
1011 3533 1014 3540 ’
1033 3547 1127 3610 Haec
1157 3545 1293 3608 audiens

127 3653 296 3720 tumultum
316 3652 425 3738 populi
446 3658 681 3737 praetereuntis
704 3655 832 3720 domum
855 3641 934 3736 ejus¹
951 3671 1026 3716 cum
1052 3646 1291 3734 crucibgendis,

127 3755 255 3822 exilivit
274 3757 315 3822 do
337 3758 432 3824 domo
453 3767 486 3822 et
507 3776 581 3824 cum
603 3761 746 3825 lamento
766 3757 906 3823 occurrit
926 3756 1064 3820 Domino
1088 3755 1172 3818 Jesu
1194 3759 1292 3817 cruce

125 3870 279 3947 gravato,
311 3861 491 3950 vidensque
512 3865 637 3928 vultum
662 3863 733 3945 ojus
762 3873 859 3948 sputo
881 3872 914 3927 et
935 3862 1097 3955 sanguine
1115 3859 1292 3944 repletum,

125 3965 290 4030 sudarium
312 3970 468 4051 extraxit,
504 3969 672 4032 etfaciam
695 3969 870 4035 salvatoris
903 3966 1010 4050 tersit3
1039 3963 1158 4028 mansb
1185 3971 1292 4027 autem

125 4072 230 4154 figura
252 4073 348 4134 faciei
368 4073 402 4134 in
424 4070 571 4157 sudario,
594 4090 633 4136 ac
658 4051 825 4136 si'fuisset
847 4073 877 4136 ei
898 4071 1049 4156 impieta,
1072 4068 1158 4154 quod
1180 4069 1293 4131 mulier

126 4176 182 4238 ilia
206 4195 308 4261 penes
329 4194 368 4238 se
390 4177 538 4259 retinuit,
570 4185 603 4240 et
624 4177 734 4241 miram
767 4176 1019 4242 consolationem
1042 4177 1075 4240 iu
1097 4166 1144 4238 ¹eo
1171 4173 1293 4258 babuit,
