<?xml version="1.0" encoding="UTF-8"?>
<!DOCTYPE html PUBLIC "-//W3C//DTD XHTML 1.0 Transitional//EN"
    "http://www.w3.org/TR/xhtml1/DTD/xhtml1-transitional.dtd">
<html xmlns="http://www.w3.org/1999/xhtml" xml:lang="en" lang="en">
 <head>
  <title>
</title>
<meta http-equiv="Content-Type" content="text/html;charset=utf-8" />
  <meta name='ocr-system' content='tesseract 3.04.00' />
  <meta name='ocr-capabilities' content='ocr_page ocr_carea ocr_par ocr_line ocrx_word'/>
</head>
<body>
  <div class='ocr_page' id='page_1' title='image "./fratrisfelicisf01fabrgoog_0326.png"; bbox 0 0 2608 4842; ppageno 0'>
   <div class='ocr_carea' id='block_1_1' title="bbox 540 177 605 246">
    <p class='ocr_par' dir='ltr' id='par_1_1' title="bbox 540 177 605 246">
     <span class='ocr_line' id='line_1_1' title="bbox 540 177 605 246; baseline -0.031 0"><span class='ocrx_word' id='word_1_1' title='bbox 540 177 605 246; x_wconf 74' lang='grc'><strong>307</strong></span> 
     </span>
    </p>
   </div>
   <div class='ocr_carea' id='block_1_2' title="bbox 14 355 1182 4226">
    <p class='ocr_par' dir='ltr' id='par_1_2' title="bbox 14 355 1153 663">
     <span class='ocr_line' id='line_1_2' title="bbox 14 355 1153 445; baseline 0.011 -23"><span class='ocrx_word' id='word_1_2' title='bbox 14 377 171 443; x_wconf 82' lang='lat' dir='ltr'><strong>erum,</strong></span> <span class='ocrx_word' id='word_1_3' title='bbox 199 369 234 422; x_wconf 89' lang='lat' dir='ltr'><strong>et</strong></span> <span class='ocrx_word' id='word_1_4' title='bbox 253 355 392 424; x_wconf 69' lang='lat' dir='ltr'><strong>eniens</strong></span> <span class='ocrx_word' id='word_1_5' title='bbox 413 363 564 444; x_wconf 85' lang='lat' dir='ltr'><strong>signum,</strong></span> <span class='ocrx_word' id='word_1_6' title='bbox 597 361 682 445; x_wconf 83' lang='lat' dir='ltr'><strong>quoti</strong></span> <span class='ocrx_word' id='word_1_7' title='bbox 714 362 804 430; x_wconf 74' lang='lat' dir='ltr'><strong>lueres</strong></span> <span class='ocrx_word' id='word_1_8' title='bbox 834 365 889 430; x_wconf 89' lang='lat' dir='ltr'><strong>ille</strong></span> <span class='ocrx_word' id='word_1_9' title='bbox 918 369 962 430; x_wconf 87' lang='lat' dir='ltr'><strong>sit</strong></span> <span class='ocrx_word' id='word_1_10' title='bbox 993 370 1025 432; x_wconf 91' lang='lat' dir='ltr'><strong>in</strong></span> <span class='ocrx_word' id='word_1_11' title='bbox 1048 371 1153 436; x_wconf 82' lang='lat' dir='ltr'><strong>media</strong></span> 
     </span>
     <span class='ocr_line' id='line_1_3' title="bbox 14 463 1153 559; baseline 0.011 -32"><span class='ocrx_word' id='word_1_12' title='bbox 14 485 72 548; x_wconf 74' lang='lat' dir='ltr'><strong>se,</strong></span> <span class='ocrx_word' id='word_1_13' title='bbox 109 463 183 528; x_wconf 83' lang='lat' dir='ltr'><strong>ubi</strong></span> <span class='ocrx_word' id='word_1_14' title='bbox 207 463 243 526; x_wconf 90' lang='lat' dir='ltr'><strong>iu</strong></span> <span class='ocrx_word' id='word_1_15' title='bbox 265 464 404 527; x_wconf 82' lang='lat' dir='ltr'><strong>meridie</strong></span> <span class='ocrx_word' id='word_1_16' title='bbox 422 466 472 528; x_wconf 83' lang='lat' dir='ltr'><strong>sol</strong></span> <span class='ocrx_word' id='word_1_17' title='bbox 500 466 678 550; x_wconf 75' lang='lat' dir='ltr'><strong>splendens</strong></span> <span class='ocrx_word' id='word_1_18' title='bbox 703 469 752 534; x_wconf 88' lang='lat' dir='ltr'><strong>sie</strong></span> <span class='ocrx_word' id='word_1_19' title='bbox 775 468 893 534; x_wconf 80' lang='lat' dir='ltr'><strong>(lineete</strong></span> <span class='ocrx_word' id='word_1_20' title='bbox 923 489 1022 556; x_wconf 71' lang='lat' dir='ltr'><strong>super</strong></span> <span class='ocrx_word' id='word_1_21' title='bbox 1047 475 1153 559; x_wconf 79' lang='lat' dir='ltr'><strong>capita</strong></span> 
     </span>
     <span class='ocr_line' id='line_1_4' title="bbox 14 569 1150 663; baseline 0.007 -29"><span class='ocrx_word' id='word_1_22' title='bbox 14 589 152 634; x_wconf 82' lang='lat' dir='ltr'><strong>nrum</strong></span> <span class='ocrx_word' id='word_1_23' title='bbox 180 569 285 651; x_wconf 85' lang='lat' dir='ltr'><strong>[stat]</strong></span> <span class='ocrx_word' id='word_1_24' title='bbox 296 614 306 652; x_wconf 88' lang='lat'>‚</span> <span class='ocrx_word' id='word_1_25' title='bbox 331 570 417 654; x_wconf 84' lang='lat' dir='ltr'><strong>quad</strong></span> <span class='ocrx_word' id='word_1_26' title='bbox 439 574 584 635; x_wconf 86' lang='lat' dir='ltr'><strong>umbram</strong></span> <span class='ocrx_word' id='word_1_27' title='bbox 604 591 723 656; x_wconf 83' lang='lat' dir='ltr'><strong>eorpus</strong></span> <span class='ocrx_word' id='word_1_28' title='bbox 744 595 810 663; x_wconf 89' lang='lat' dir='ltr'><strong>nnn</strong></span> <span class='ocrx_word' id='word_1_29' title='bbox 829 573 947 661; x_wconf 78' lang='lat' dir='ltr'><strong>reddit,</strong></span> <span class='ocrx_word' id='word_1_30' title='bbox 963 595 1027 642; x_wconf 86' lang='lat' dir='ltr'><strong>non</strong></span> <span class='ocrx_word' id='word_1_31' title='bbox 1045 579 1150 644; x_wconf 83' lang='lat' dir='ltr'><strong>video.</strong></span> 
     </span>
    </p>

    <p class='ocr_par' dir='ltr' id='par_1_3' title="bbox 14 674 1182 4226">
     <span class='ocr_line' id='line_1_5' title="bbox 49 674 1182 768; baseline 0.01 -30"><span class='ocrx_word' id='word_1_32' title='bbox 49 675 187 738; x_wconf 74' lang='lat' dir='ltr'><strong>etiam</strong></span> <span class='ocrx_word' id='word_1_33' title='bbox 209 674 244 737; x_wconf 89' lang='lat' dir='ltr'><strong>iu</strong></span> <span class='ocrx_word' id='word_1_34' title='bbox 264 674 410 756; x_wconf 79' lang='lat' dir='ltr'><strong>pluribus</strong></span> <span class='ocrx_word' id='word_1_35' title='bbox 430 676 524 740; x_wconf 87' lang='lat' dir='ltr'><strong>libris</strong></span> <span class='ocrx_word' id='word_1_36' title='bbox 541 676 581 739; x_wconf 82' lang='lat' dir='ltr'><strong>tle</strong></span> <span class='ocrx_word' id='word_1_37' title='bbox 591 678 700 742; x_wconf 86' lang='lat' dir='ltr'><strong>multis</strong></span> <span class='ocrx_word' id='word_1_38' title='bbox 723 680 812 765; x_wconf 83' lang='lat' dir='ltr'><strong>loeis,</strong></span> <span class='ocrx_word' id='word_1_39' title='bbox 824 683 1024 764; x_wconf 84' lang='lat' dir='ltr'><strong>ubienrpera</strong></span> <span class='ocrx_word' id='word_1_40' title='bbox 1043 685 1151 768; x_wconf 83' lang='lat' dir='ltr'><strong>aliquo</strong></span> <span class='ocrx_word' id='word_1_41' title='bbox 1178 675 1182 682; x_wconf 75' lang='grc'><strong>’</strong></span> 
     </span>
     <span class='ocr_line' id='line_1_6' title="bbox 14 779 1149 870; baseline 0.014 -30"><span class='ocrx_word' id='word_1_42' title='bbox 14 800 113 844; x_wconf 73' lang='lat' dir='ltr'><strong>›on-e</strong></span> <span class='ocrx_word' id='word_1_43' title='bbox 144 798 217 843; x_wconf 89' lang='lat' dir='ltr'><strong>non</strong></span> <span class='ocrx_word' id='word_1_44' title='bbox 238 779 375 844; x_wconf 84' lang='lat' dir='ltr'><strong>reddant</strong></span> <span class='ocrx_word' id='word_1_45' title='bbox 394 783 548 865; x_wconf 87' lang='lat' dir='ltr'><strong>umbram,</strong></span> <span class='ocrx_word' id='word_1_46' title='bbox 570 785 656 849; x_wconf 87' lang='lat' dir='ltr'><strong>sieut</strong></span> <span class='ocrx_word' id='word_1_47' title='bbox 677 787 792 848; x_wconf 78' lang='lat' dir='ltr'><strong>renitet</strong></span> <span class='ocrx_word' id='word_1_48' title='bbox 822 785 1002 870; x_wconf 83' lang='lat' dir='ltr'><strong>Dionysius</strong></span> <span class='ocrx_word' id='word_1_49' title='bbox 1024 788 1149 860; x_wconf 69' lang='lat' dir='ltr'><strong>tinnis</strong></span> 
     </span>
     <span class='ocr_line' id='line_1_7' title="bbox 14 884 1152 972; baseline 0.005 -22"><span class='ocrx_word' id='word_1_50' title='bbox 14 907 64 972; x_wconf 88' lang='lat' dir='ltr'><strong>q.</strong></span> <span class='ocrx_word' id='word_1_51' title='bbox 117 884 338 969; x_wconf 84' lang='lat' dir='ltr'><strong>hujusmodi,</strong></span> <span class='ocrx_word' id='word_1_52' title='bbox 367 885 408 949; x_wconf 89' lang='lat' dir='ltr'><strong>de</strong></span> <span class='ocrx_word' id='word_1_53' title='bbox 444 887 583 970; x_wconf 85' lang='lat' dir='ltr'><strong>quadam</strong></span> <span class='ocrx_word' id='word_1_54' title='bbox 615 888 724 952; x_wconf 88' lang='lat' dir='ltr'><strong>insula</strong></span> <span class='ocrx_word' id='word_1_55' title='bbox 763 909 882 955; x_wconf 86' lang='lat' dir='ltr'><strong>versus</strong></span> <span class='ocrx_word' id='word_1_56' title='bbox 922 891 1089 956; x_wconf 80' lang='lat' dir='ltr'><strong>meridiem</strong></span> <span class='ocrx_word' id='word_1_57' title='bbox 1118 894 1152 958; x_wconf 91' lang='lat' dir='ltr'><strong>in</strong></span> 
     </span>
     <span class='ocr_line' id='line_1_8' title="bbox 14 990 1152 1080; baseline 0.005 -24"><span class='ocrx_word' id='word_1_58' title='bbox 14 1012 74 1057; x_wconf 89' lang='lat' dir='ltr'><strong>no</strong></span> <span class='ocrx_word' id='word_1_59' title='bbox 108 993 205 1072; x_wconf 76' lang='lat' dir='ltr'><strong>sita,</strong></span> <span class='ocrx_word' id='word_1_60' title='bbox 227 990 345 1076; x_wconf 86' lang='lat' dir='ltr'><strong>inqua</strong></span> <span class='ocrx_word' id='word_1_61' title='bbox 365 991 452 1054; x_wconf 83' lang='lat' dir='ltr'><strong>eirea</strong></span> <span class='ocrx_word' id='word_1_62' title='bbox 473 992 639 1056; x_wconf 88' lang='lat' dir='ltr'><strong>meridiem</strong></span> <span class='ocrx_word' id='word_1_63' title='bbox 663 993 784 1058; x_wconf 80' lang='lat' dir='ltr'><strong>niallam</strong></span> <span class='ocrx_word' id='word_1_64' title='bbox 800 994 872 1060; x_wconf 83' lang='lat' dir='ltr'><strong>lieri</strong></span> <span class='ocrx_word' id='word_1_65' title='bbox 890 996 937 1060; x_wconf 88' lang='lat' dir='ltr'><strong>rei</strong></span> <span class='ocrx_word' id='word_1_66' title='bbox 958 996 1054 1080; x_wconf 87' lang='lat' dir='ltr'><strong>eujus</strong></span> <span class='ocrx_word' id='word_1_67' title='bbox 1079 1013 1152 1062; x_wconf 78' lang='lat' dir='ltr'><strong>um—</strong></span> 
     </span>
     <span class='ocr_line' id='line_1_9' title="bbox 14 1097 1153 1186; baseline 0.002 -24"><span class='ocrx_word' id='word_1_68' title='bbox 14 1121 47 1183; x_wconf 81' lang='lat' dir='ltr'><strong>r,</strong></span> <span class='ocrx_word' id='word_1_69' title='bbox 75 1115 177 1162; x_wconf 81' lang='lat' dir='ltr'><strong>oum</strong></span> <span class='ocrx_word' id='word_1_70' title='bbox 200 1112 300 1177; x_wconf 83' lang='lat' dir='ltr'><strong>supra</strong></span> <span class='ocrx_word' id='word_1_71' title='bbox 320 1097 476 1160; x_wconf 87' lang='lat' dir='ltr'><strong>vertieem</strong></span> <span class='ocrx_word' id='word_1_72' title='bbox 496 1097 547 1160; x_wconf 86' lang='lat' dir='ltr'><strong>sel</strong></span> <span class='ocrx_word' id='word_1_73' title='bbox 571 1100 715 1182; x_wconf 79' lang='lat' dir='ltr'><strong>existat3</strong></span> <span class='ocrx_word' id='word_1_74' title='bbox 736 1117 820 1182; x_wconf 84' lang='lat' dir='ltr'><strong>quae</strong></span> <span class='ocrx_word' id='word_1_75' title='bbox 840 1100 948 1164; x_wconf 86' lang='lat' dir='ltr'><strong>insula</strong></span> <span class='ocrx_word' id='word_1_76' title='bbox 964 1101 1153 1186; x_wconf 76' lang='lat' dir='ltr'><strong>longissima</strong></span> 
     </span>
     <span class='ocr_line' id='line_1_10' title="bbox 14 1200 1154 1285; baseline 0.007 -19"><span class='ocrx_word' id='word_1_77' title='bbox 14 1214 48 1267; x_wconf 83' lang='lat' dir='ltr'><strong>at</strong></span> <span class='ocrx_word' id='word_1_78' title='bbox 75 1203 134 1266; x_wconf 76' lang='lat' dir='ltr'><strong>ab</strong></span> <span class='ocrx_word' id='word_1_79' title='bbox 163 1200 406 1285; x_wconf 79' lang='lat' dir='ltr'><strong>Hierosolyma.</strong></span> <span class='ocrx_word' id='word_1_80' title='bbox 449 1200 518 1266; x_wconf 78' lang='lat' dir='ltr'><strong>Sati</strong></span> <span class='ocrx_word' id='word_1_81' title='bbox 554 1210 588 1266; x_wconf 91' lang='lat' dir='ltr'><strong>et</strong></span> <span class='ocrx_word' id='word_1_82' title='bbox 607 1202 724 1284; x_wconf 79' lang='lat' dir='ltr'><strong>Petrus</strong></span> <span class='ocrx_word' id='word_1_83' title='bbox 749 1203 793 1270; x_wconf 83' lang='lat' dir='ltr'><strong>tle</strong></span> <span class='ocrx_word' id='word_1_84' title='bbox 821 1205 938 1270; x_wconf 69' lang='lat' dir='ltr'><strong>Aliana</strong></span> <span class='ocrx_word' id='word_1_85' title='bbox 968 1207 1154 1274; x_wconf 70' lang='lat' dir='ltr'><strong>minitetur</strong></span> 
     </span>
     <span class='ocr_line' id='line_1_11' title="bbox 14 1305 1153 1396; baseline 0.003 -22"><span class='ocrx_word' id='word_1_86' title='bbox 14 1311 131 1374; x_wconf 83' lang='lat' dir='ltr'><strong>trima</strong></span> <span class='ocrx_word' id='word_1_87' title='bbox 157 1305 215 1370; x_wconf 64' lang='grc'><strong>67.</strong></span> <span class='ocrx_word' id='word_1_88' title='bbox 236 1305 321 1369; x_wconf 83' lang='lat' dir='ltr'><strong>item</strong></span> <span class='ocrx_word' id='word_1_89' title='bbox 343 1305 421 1368; x_wconf 84' lang='lat' dir='ltr'><strong>dicit</strong></span> <span class='ocrx_word' id='word_1_90' title='bbox 439 1305 510 1370; x_wconf 86' lang='lat' dir='ltr'><strong>lieri</strong></span> <span class='ocrx_word' id='word_1_91' title='bbox 532 1308 565 1370; x_wconf 92' lang='lat' dir='ltr'><strong>iu</strong></span> <span class='ocrx_word' id='word_1_92' title='bbox 586 1310 722 1371; x_wconf 86' lang='lat' dir='ltr'><strong>eivitate</strong></span> <span class='ocrx_word' id='word_1_93' title='bbox 741 1309 904 1392; x_wconf 82' lang='lat' dir='ltr'><strong>Athenae,</strong></span> <span class='ocrx_word' id='word_1_94' title='bbox 923 1311 957 1375; x_wconf 90' lang='lat' dir='ltr'><strong>in</strong></span> <span class='ocrx_word' id='word_1_95' title='bbox 979 1331 1045 1396; x_wconf 75' lang='lat' dir='ltr'><strong>qua</strong></span> <span class='ocrx_word' id='word_1_96' title='bbox 1062 1313 1153 1396; x_wconf 81' lang='lat' dir='ltr'><strong>ipse-</strong></span> 
     </span>
     <span class='ocr_line' id='line_1_12' title="bbox 35 1410 1153 1500; baseline 0.004 -24"><span class='ocrx_word' id='word_1_97' title='bbox 35 1412 326 1498; x_wconf 77' lang='lat' dir='ltr'><strong>experimentum</strong></span> <span class='ocrx_word' id='word_1_98' title='bbox 346 1411 444 1494; x_wconf 88' lang='lat' dir='ltr'><strong>hujus</strong></span> <span class='ocrx_word' id='word_1_99' title='bbox 465 1413 599 1495; x_wconf 83' lang='lat' dir='ltr'><strong>aceepit.</strong></span> <span class='ocrx_word' id='word_1_100' title='bbox 642 1410 687 1476; x_wconf 81' lang='lat' dir='ltr'><strong>Et</strong></span> <span class='ocrx_word' id='word_1_101' title='bbox 706 1413 740 1476; x_wconf 90' lang='lat' dir='ltr'><strong>in</strong></span> <span class='ocrx_word' id='word_1_102' title='bbox 761 1413 895 1477; x_wconf 82' lang='lat' dir='ltr'><strong>civitate</strong></span> <span class='ocrx_word' id='word_1_103' title='bbox 914 1414 1035 1481; x_wconf 85' lang='lat' dir='ltr'><strong>Sienae</strong></span> <span class='ocrx_word' id='word_1_104' title='bbox 1055 1430 1153 1500; x_wconf 77' lang='lat' dir='ltr'><strong>supet</strong></span> 
     </span>
     <span class='ocr_line' id='line_1_13' title="bbox 14 1516 1153 1602; baseline 0.003 -19"><span class='ocrx_word' id='word_1_105' title='bbox 14 1539 71 1583; x_wconf 78' lang='lat' dir='ltr'><strong>am</strong></span> <span class='ocrx_word' id='word_1_106' title='bbox 99 1517 204 1580; x_wconf 88' lang='lat' dir='ltr'><strong>idem</strong></span> <span class='ocrx_word' id='word_1_107' title='bbox 222 1516 299 1580; x_wconf 85' lang='lat' dir='ltr'><strong>dieit</strong></span> <span class='ocrx_word' id='word_1_108' title='bbox 318 1517 389 1580; x_wconf 88' lang='lat' dir='ltr'><strong>lieri</strong></span> <span class='ocrx_word' id='word_1_109' title='bbox 413 1517 485 1580; x_wconf 85' lang='lat' dir='ltr'><strong>sele</strong></span> <span class='ocrx_word' id='word_1_110' title='bbox 511 1521 545 1580; x_wconf 91' lang='lat' dir='ltr'><strong>in</strong></span> <span class='ocrx_word' id='word_1_111' title='bbox 567 1517 694 1580; x_wconf 81' lang='lat' dir='ltr'><strong>aestivo</strong></span> <span class='ocrx_word' id='word_1_112' title='bbox 726 1520 849 1602; x_wconf 80' lang='lat' dir='ltr'><strong>tropico</strong></span> <span class='ocrx_word' id='word_1_113' title='bbox 884 1521 1055 1585; x_wconf 76' lang='lat' dir='ltr'><strong>existente.</strong></span> <span class='ocrx_word' id='word_1_114' title='bbox 1109 1523 1153 1586; x_wconf 80' lang='lat' dir='ltr'><strong>nt</strong></span> 
     </span>
     <span class='ocr_line' id='line_1_14' title="bbox 14 1621 1151 1710; baseline 0.004 -24"><span class='ocrx_word' id='word_1_115' title='bbox 14 1625 192 1686; x_wconf 83' lang='lat' dir='ltr'><strong>lemaeus</strong></span> <span class='ocrx_word' id='word_1_116' title='bbox 215 1622 250 1684; x_wconf 92' lang='lat' dir='ltr'><strong>in</strong></span> <span class='ocrx_word' id='word_1_117' title='bbox 272 1623 365 1685; x_wconf 87' lang='lat' dir='ltr'><strong>tertia</strong></span> <span class='ocrx_word' id='word_1_118' title='bbox 388 1621 496 1684; x_wconf 88' lang='lat' dir='ltr'><strong>tabula</strong></span> <span class='ocrx_word' id='word_1_119' title='bbox 516 1622 650 1686; x_wconf 79' lang='lat' dir='ltr'><strong>Africae</strong></span> <span class='ocrx_word' id='word_1_120' title='bbox 666 1630 700 1684; x_wconf 84' lang='lat' dir='ltr'><strong>et</strong></span> <span class='ocrx_word' id='word_1_121' title='bbox 725 1623 760 1685; x_wconf 92' lang='lat' dir='ltr'><strong>in</strong></span> <span class='ocrx_word' id='word_1_122' title='bbox 779 1632 893 1705; x_wconf 84' lang='lat' dir='ltr'><strong>quarta</strong></span> <span class='ocrx_word' id='word_1_123' title='bbox 903 1625 1019 1689; x_wconf 89' lang='lat' dir='ltr'><strong>multas</strong></span> <span class='ocrx_word' id='word_1_124' title='bbox 1042 1628 1151 1710; x_wconf 78' lang='lat' dir='ltr'><strong>regio·</strong></span> 
     </span>
     <span class='ocr_line' id='line_1_15' title="bbox 43 1725 1152 1814; baseline 0.004 -24"><span class='ocrx_word' id='word_1_125' title='bbox 43 1729 207 1810; x_wconf 73' lang='lat' dir='ltr'><strong>inducit,</strong></span> <span class='ocrx_word' id='word_1_126' title='bbox 226 1727 282 1790; x_wconf 77' lang='lat' dir='ltr'><strong>uli</strong></span> <span class='ocrx_word' id='word_1_127' title='bbox 301 1725 353 1790; x_wconf 72' lang='lat' dir='ltr'><strong>sel</strong></span> <span class='ocrx_word' id='word_1_128' title='bbox 374 1733 439 1789; x_wconf 84' lang='lat' dir='ltr'><strong>stet</strong></span> <span class='ocrx_word' id='word_1_129' title='bbox 458 1727 594 1790; x_wconf 87' lang='lat' dir='ltr'><strong>meridie</strong></span> <span class='ocrx_word' id='word_1_130' title='bbox 614 1744 714 1811; x_wconf 85' lang='lat' dir='ltr'><strong>supra</strong></span> <span class='ocrx_word' id='word_1_131' title='bbox 734 1727 900 1790; x_wconf 72' lang='lat' dir='ltr'><strong>renisam.</strong></span> <span class='ocrx_word' id='word_1_132' title='bbox 931 1727 973 1795; x_wconf 81' lang='lat' dir='ltr'><strong>Et</strong></span> <span class='ocrx_word' id='word_1_133' title='bbox 994 1731 1079 1814; x_wconf 82' lang='lat' dir='ltr'><strong>quud</strong></span> <span class='ocrx_word' id='word_1_134' title='bbox 1100 1733 1152 1796; x_wconf 90' lang='lat' dir='ltr'><strong>his</strong></span> 
     </span>
     <span class='ocr_line' id='line_1_16' title="bbox 14 1831 1151 1919; baseline 0.003 -23"><span class='ocrx_word' id='word_1_135' title='bbox 14 1835 114 1919; x_wconf 77' lang='lat' dir='ltr'><strong>plius</strong></span> <span class='ocrx_word' id='word_1_136' title='bbox 138 1840 215 1914; x_wconf 82' lang='lat' dir='ltr'><strong>est,</strong></span> <span class='ocrx_word' id='word_1_137' title='bbox 240 1833 275 1896; x_wconf 91' lang='lat' dir='ltr'><strong>in</strong></span> <span class='ocrx_word' id='word_1_138' title='bbox 296 1831 406 1897; x_wconf 71' lang='lat' dir='ltr'><strong>unua</strong></span> <span class='ocrx_word' id='word_1_139' title='bbox 433 1832 546 1895; x_wconf 81' lang='lat' dir='ltr'><strong>eadem</strong></span> <span class='ocrx_word' id='word_1_140' title='bbox 576 1834 785 1916; x_wconf 77' lang='lat' dir='ltr'><strong>assignantur</strong></span> <span class='ocrx_word' id='word_1_141' title='bbox 810 1833 882 1897; x_wconf 87' lang='lat' dir='ltr'><strong>lnea</strong></span> <span class='ocrx_word' id='word_1_142' title='bbox 914 1835 1065 1917; x_wconf 81' lang='lat' dir='ltr'><strong>plurima,</strong></span> <span class='ocrx_word' id='word_1_143' title='bbox 1097 1837 1151 1900; x_wconf 77' lang='lat' dir='ltr'><strong>ubi</strong></span> 
     </span>
     <span class='ocr_line' id='line_1_17' title="bbox 33 1937 1153 2020; baseline -0.002 -16"><span class='ocrx_word' id='word_1_144' title='bbox 33 1943 73 2004; x_wconf 90' lang='lat' dir='ltr'><strong>in</strong></span> <span class='ocrx_word' id='word_1_145' title='bbox 100 1957 198 2002; x_wconf 84' lang='lat' dir='ltr'><strong>anna</strong></span> <span class='ocrx_word' id='word_1_146' title='bbox 219 1937 268 2001; x_wconf 85' lang='lat' dir='ltr'><strong>sol</strong></span> <span class='ocrx_word' id='word_1_147' title='bbox 287 1955 385 2020; x_wconf 77' lang='lat' dir='ltr'><strong>super</strong></span> <span class='ocrx_word' id='word_1_148' title='bbox 405 1939 562 2001; x_wconf 77' lang='lat' dir='ltr'><strong>verticem</strong></span> <span class='ocrx_word' id='word_1_149' title='bbox 578 1947 649 2001; x_wconf 86' lang='lat' dir='ltr'><strong>stat</strong></span> <span class='ocrx_word' id='word_1_150' title='bbox 670 1939 874 2000; x_wconf 81' lang='lat' dir='ltr'><strong>siueumlnrs.¹</strong></span> <span class='ocrx_word' id='word_1_151' title='bbox 898 1937 955 2000; x_wconf 81' lang='lat' dir='ltr'><strong>Sie</strong></span> <span class='ocrx_word' id='word_1_152' title='bbox 983 1942 1060 2002; x_wconf 84' lang='lat' dir='ltr'><strong>stunt</strong></span> <span class='ocrx_word' id='word_1_153' title='bbox 1080 1940 1153 2002; x_wconf 85' lang='lat' dir='ltr'><strong>luna</strong></span> 
     </span>
     <span class='ocr_line' id='line_1_18' title="bbox 16 2042 1149 2126; baseline -0.01 -15"><span class='ocrx_word' id='word_1_154' title='bbox 16 2048 113 2111; x_wconf 85' lang='lat' dir='ltr'><strong>Asia</strong></span> <span class='ocrx_word' id='word_1_155' title='bbox 135 2044 251 2126; x_wconf 85' lang='lat' dir='ltr'><strong>multa,</strong></span> <span class='ocrx_word' id='word_1_156' title='bbox 271 2051 307 2106; x_wconf 93' lang='lat' dir='ltr'><strong>ut</strong></span> <span class='ocrx_word' id='word_1_157' title='bbox 326 2042 548 2126; x_wconf 83' lang='lat' dir='ltr'><strong>videripotest</strong></span> <span class='ocrx_word' id='word_1_158' title='bbox 568 2043 601 2105; x_wconf 93' lang='lat' dir='ltr'><strong>in</strong></span> <span class='ocrx_word' id='word_1_159' title='bbox 622 2043 652 2106; x_wconf 85' lang='grc'><strong>6.</strong></span> <span class='ocrx_word' id='word_1_160' title='bbox 666 2044 785 2125; x_wconf 86' lang='lat' dir='ltr'><strong>tabula,</strong></span> <span class='ocrx_word' id='word_1_161' title='bbox 805 2046 839 2108; x_wconf 91' lang='lat' dir='ltr'><strong>iu</strong></span> <span class='ocrx_word' id='word_1_162' title='bbox 859 2045 891 2108; x_wconf 82' lang='lat'><strong>9.</strong></span> <span class='ocrx_word' id='word_1_163' title='bbox 903 2053 938 2106; x_wconf 89' lang='lat' dir='ltr'><strong>et</strong></span> <span class='ocrx_word' id='word_1_164' title='bbox 959 2044 1008 2107; x_wconf 85' lang='lat' dir='ltr'><strong>to.</strong></span> <span class='ocrx_word' id='word_1_165' title='bbox 1037 2052 1070 2106; x_wconf 87' lang='lat' dir='ltr'><strong>et</strong></span> <span class='ocrx_word' id='word_1_166' title='bbox 1100 2044 1149 2107; x_wconf 87' lang='lat'><strong>11.</strong></span> 
     </span>
     <span class='ocr_line' id='line_1_19' title="bbox 14 2147 1152 2232; baseline -0.003 -17"><span class='ocrx_word' id='word_1_167' title='bbox 14 2153 134 2216; x_wconf 76' lang='lat' dir='ltr'><strong>in1a.</strong></span> <span class='ocrx_word' id='word_1_168' title='bbox 185 2151 228 2212; x_wconf 74' lang='lat' dir='ltr'><strong>Et</strong></span> <span class='ocrx_word' id='word_1_169' title='bbox 255 2157 365 2212; x_wconf 90' lang='lat' dir='ltr'><strong>notum</strong></span> <span class='ocrx_word' id='word_1_170' title='bbox 398 2158 464 2232; x_wconf 84' lang='lat' dir='ltr'><strong>est,</strong></span> <span class='ocrx_word' id='word_1_171' title='bbox 497 2147 629 2211; x_wconf 87' lang='lat' dir='ltr'><strong>easdem</strong></span> <span class='ocrx_word' id='word_1_172' title='bbox 660 2151 811 2232; x_wconf 82' lang='lat' dir='ltr'><strong>regiones</strong></span> <span class='ocrx_word' id='word_1_173' title='bbox 840 2167 904 2212; x_wconf 86' lang='lat' dir='ltr'><strong>non</strong></span> <span class='ocrx_word' id='word_1_174' title='bbox 934 2165 1011 2211; x_wconf 86' lang='lat' dir='ltr'><strong>esse</strong></span> <span class='ocrx_word' id='word_1_175' title='bbox 1042 2148 1152 2212; x_wconf 89' lang='lat' dir='ltr'><strong>mundi</strong></span> 
     </span>
     <span class='ocr_line' id='line_1_20' title="bbox 14 2253 1153 2335; baseline -0.003 -17"><span class='ocrx_word' id='word_1_176' title='bbox 14 2257 135 2319; x_wconf 81' lang='lat' dir='ltr'><strong>edium.</strong></span> <span class='ocrx_word' id='word_1_177' title='bbox 180 2253 276 2316; x_wconf 87' lang='lat' dir='ltr'><strong>lllulti</strong></span> <span class='ocrx_word' id='word_1_178' title='bbox 297 2255 566 2335; x_wconf 85' lang='lat' dir='ltr'><strong>aestimaverunt,</strong></span> <span class='ocrx_word' id='word_1_179' title='bbox 587 2263 707 2318; x_wconf 80' lang='lat' dir='ltr'><strong>uertant</strong></span> <span class='ocrx_word' id='word_1_180' title='bbox 729 2254 866 2318; x_wconf 88' lang='lat' dir='ltr'><strong>insulam</strong></span> <span class='ocrx_word' id='word_1_181' title='bbox 884 2271 959 2316; x_wconf 90' lang='lat' dir='ltr'><strong>esse</strong></span> <span class='ocrx_word' id='word_1_182' title='bbox 988 2255 1022 2316; x_wconf 93' lang='lat' dir='ltr'><strong>iu</strong></span> <span class='ocrx_word' id='word_1_183' title='bbox 1043 2253 1153 2316; x_wconf 86' lang='lat' dir='ltr'><strong>mundi</strong></span> 
     </span>
     <span class='ocr_line' id='line_1_21' title="bbox 14 2355 1150 2443; baseline -0.004 -20"><span class='ocrx_word' id='word_1_184' title='bbox 14 2361 103 2443; x_wconf 79' lang='lat' dir='ltr'><strong>edio,</strong></span> <span class='ocrx_word' id='word_1_185' title='bbox 143 2359 181 2422; x_wconf 90' lang='lat' dir='ltr'><strong>in</strong></span> <span class='ocrx_word' id='word_1_186' title='bbox 208 2377 271 2442; x_wconf 88' lang='lat' dir='ltr'><strong>qua</strong></span> <span class='ocrx_word' id='word_1_187' title='bbox 291 2367 399 2422; x_wconf 89' lang='lat' dir='ltr'><strong>tamen</strong></span> <span class='ocrx_word' id='word_1_188' title='bbox 422 2359 472 2422; x_wconf 89' lang='lat' dir='ltr'><strong>sol</strong></span> <span class='ocrx_word' id='word_1_189' title='bbox 502 2375 630 2440; x_wconf 88' lang='lat' dir='ltr'><strong>semper</strong></span> <span class='ocrx_word' id='word_1_190' title='bbox 656 2357 790 2422; x_wconf 86' lang='lat' dir='ltr'><strong>meridie</strong></span> <span class='ocrx_word' id='word_1_191' title='bbox 815 2355 959 2420; x_wconf 85' lang='lat' dir='ltr'><strong>umbram</strong></span> <span class='ocrx_word' id='word_1_192' title='bbox 989 2358 1150 2441; x_wconf 80' lang='lat' dir='ltr'><strong>relinquit</strong></span> 
     </span>
     <span class='ocr_line' id='line_1_22' title="bbox 15 2461 1152 2548; baseline -0.004 -20"><span class='ocrx_word' id='word_1_193' title='bbox 15 2473 166 2528; x_wconf 86' lang='lat' dir='ltr'><strong>aeterum</strong></span> <span class='ocrx_word' id='word_1_194' title='bbox 194 2463 283 2546; x_wconf 83' lang='lat' dir='ltr'><strong>vulgi</strong></span> <span class='ocrx_word' id='word_1_195' title='bbox 301 2463 488 2548; x_wconf 79' lang='lat' dir='ltr'><strong>imaginatio</strong></span> <span class='ocrx_word' id='word_1_196' title='bbox 510 2479 636 2526; x_wconf 86' lang='lat' dir='ltr'><strong>omnem</strong></span> <span class='ocrx_word' id='word_1_197' title='bbox 659 2463 765 2527; x_wconf 84' lang='lat' dir='ltr'><strong>locum</strong></span> <span class='ocrx_word' id='word_1_198' title='bbox 796 2465 896 2526; x_wconf 87' lang='lat' dir='ltr'><strong>totius</strong></span> <span class='ocrx_word' id='word_1_199' title='bbox 925 2462 1011 2526; x_wconf 89' lang='lat' dir='ltr'><strong>orbis</strong></span> <span class='ocrx_word' id='word_1_200' title='bbox 1042 2461 1152 2525; x_wconf 81' lang='lat' dir='ltr'><strong>mundi</strong></span> 
     </span>
     <span class='ocr_line' id='line_1_23' title="bbox 15 2555 1152 2659; baseline -0.002 -27"><span class='ocrx_word' id='word_1_201' title='bbox 15 2571 126 2634; x_wconf 84' lang='lat' dir='ltr'><strong>edium</strong></span> <span class='ocrx_word' id='word_1_202' title='bbox 149 2570 307 2654; x_wconf 77' lang='lat' dir='ltr'><strong>opinatur,</strong></span> <span class='ocrx_word' id='word_1_203' title='bbox 327 2571 405 2654; x_wconf 83' lang='lat' dir='ltr'><strong>quia</strong></span> <span class='ocrx_word' id='word_1_204' title='bbox 427 2569 539 2652; x_wconf 80' lang='lat' dir='ltr'><strong>eredit,</strong></span> <span class='ocrx_word' id='word_1_205' title='bbox 558 2555 706 2659; x_wconf 76' lang='lat' dir='ltr'><strong>hemines</strong></span> <span class='ocrx_word' id='word_1_206' title='bbox 721 2589 780 2652; x_wconf 79' lang='lat' dir='ltr'><strong>per</strong></span> <span class='ocrx_word' id='word_1_207' title='bbox 799 2585 916 2650; x_wconf 81' lang='lat' dir='ltr'><strong>gyrum</strong></span> <span class='ocrx_word' id='word_1_208' title='bbox 937 2567 1152 2632; x_wconf 78' lang='lat' dir='ltr'><strong>circumfusos</strong></span> 
     </span>
     <span class='ocr_line' id='line_1_24' title="bbox 16 2673 1152 2760; baseline -0.002 -22"><span class='ocrx_word' id='word_1_209' title='bbox 16 2677 63 2760; x_wconf 81' lang='lat' dir='ltr'><strong>ni,</strong></span> <span class='ocrx_word' id='word_1_210' title='bbox 86 2684 121 2739; x_wconf 90' lang='lat' dir='ltr'><strong>et</strong></span> <span class='ocrx_word' id='word_1_211' title='bbox 142 2676 312 2740; x_wconf 74' lang='lat' dir='ltr'><strong>conversis</strong></span> <span class='ocrx_word' id='word_1_212' title='bbox 332 2675 469 2759; x_wconf 85' lang='lat' dir='ltr'><strong>pedibus</strong></span> <span class='ocrx_word' id='word_1_213' title='bbox 488 2685 587 2760; x_wconf 79' lang='lat' dir='ltr'><strong>stare,</strong></span> <span class='ocrx_word' id='word_1_214' title='bbox 613 2685 647 2740; x_wconf 86' lang='lat' dir='ltr'><strong>et</strong></span> <span class='ocrx_word' id='word_1_215' title='bbox 668 2677 795 2740; x_wconf 85' lang='lat' dir='ltr'><strong>eunetis</strong></span> <span class='ocrx_word' id='word_1_216' title='bbox 816 2674 943 2736; x_wconf 79' lang='lat' dir='ltr'><strong>seilicet</strong></span> <span class='ocrx_word' id='word_1_217' title='bbox 964 2673 1046 2738; x_wconf 86' lang='lat' dir='ltr'><strong>caeli</strong></span> <span class='ocrx_word' id='word_1_218' title='bbox 1075 2689 1152 2738; x_wconf 78' lang='lat' dir='ltr'><strong>rer-</strong></span> 
     </span>
     <span class='ocr_line' id='line_1_25' title="bbox 16 2773 1151 2866; baseline -0.004 -22"><span class='ocrx_word' id='word_1_219' title='bbox 16 2800 84 2844; x_wconf 75' lang='lat' dir='ltr'><strong>eem</strong></span> <span class='ocrx_word' id='word_1_220' title='bbox 105 2799 195 2866; x_wconf 84' lang='lat' dir='ltr'><strong>esse⁷</strong></span> <span class='ocrx_word' id='word_1_221' title='bbox 214 2789 415 2864; x_wconf 75' lang='lat' dir='ltr'><strong>cunctosque</strong></span> <span class='ocrx_word' id='word_1_222' title='bbox 433 2783 544 2846; x_wconf 90' lang='lat' dir='ltr'><strong>mundi</strong></span> <span class='ocrx_word' id='word_1_223' title='bbox 566 2789 622 2846; x_wconf 90' lang='lat' dir='ltr'><strong>aut</strong></span> <span class='ocrx_word' id='word_1_224' title='bbox 644 2779 730 2844; x_wconf 88' lang='lat' dir='ltr'><strong>orbis</strong></span> <span class='ocrx_word' id='word_1_225' title='bbox 751 2773 890 2842; x_wconf 85' lang='lat' dir='ltr'><strong>medium</strong></span> <span class='ocrx_word' id='word_1_226' title='bbox 924 2778 1061 2842; x_wconf 78' lang='lat' dir='ltr'><strong>calcare.</strong></span> <span class='ocrx_word' id='word_1_227' title='bbox 1082 2775 1151 2841; x_wconf 85' lang='lat' dir='ltr'><strong>Sed</strong></span> 
     </span>
     <span class='ocr_line' id='line_1_26' title="bbox 19 2883 1151 2970; baseline -0.002 -22"><span class='ocrx_word' id='word_1_228' title='bbox 19 2887 196 2968; x_wconf 84' lang='lat' dir='ltr'><strong>ugustiuus</strong></span> <span class='ocrx_word' id='word_1_229' title='bbox 214 2885 256 2950; x_wconf 87' lang='lat' dir='ltr'><strong>de</strong></span> <span class='ocrx_word' id='word_1_230' title='bbox 277 2888 365 2950; x_wconf 49' lang='lat' dir='ltr'><strong>civiti</strong></span> <span class='ocrx_word' id='word_1_231' title='bbox 408 2887 472 2951; x_wconf 88' lang='lat' dir='ltr'><strong>Dei</strong></span> <span class='ocrx_word' id='word_1_232' title='bbox 494 2888 549 2951; x_wconf 87' lang='lat' dir='ltr'><strong>lib.</strong></span> <span class='ocrx_word' id='word_1_233' title='bbox 570 2886 663 2956; x_wconf 71' lang='lat' dir='ltr'><strong>XVI.</strong></span> <span class='ocrx_word' id='word_1_234' title='bbox 684 2901 715 2953; x_wconf 78' lang='lat' dir='ltr'><strong>e.</strong></span> <span class='ocrx_word' id='word_1_235' title='bbox 735 2885 766 2948; x_wconf 82' lang='grc'><strong>9.</strong></span> <span class='ocrx_word' id='word_1_236' title='bbox 789 2886 918 2948; x_wconf 88' lang='lat' dir='ltr'><strong>omuino</strong></span> <span class='ocrx_word' id='word_1_237' title='bbox 950 2893 1048 2970; x_wconf 75' lang='lat' dir='ltr'><strong>negat</strong></span> <span class='ocrx_word' id='word_1_238' title='bbox 1064 2883 1151 2946; x_wconf 88' lang='lat' dir='ltr'><strong>anti-</strong></span> 
     </span>
     <span class='ocr_line' id='line_1_27' title="bbox 18 2989 1153 3077; baseline -0.002 -23"><span class='ocrx_word' id='word_1_239' title='bbox 18 2990 93 3054; x_wconf 77' lang='lat' dir='ltr'><strong>ntes</strong></span> <span class='ocrx_word' id='word_1_240' title='bbox 114 3009 200 3075; x_wconf 82' lang='lat' dir='ltr'><strong>esse,</strong></span> <span class='ocrx_word' id='word_1_241' title='bbox 221 3008 294 3055; x_wconf 87' lang='lat' dir='ltr'><strong>eum</strong></span> <span class='ocrx_word' id='word_1_242' title='bbox 315 3011 376 3055; x_wconf 88' lang='lat' dir='ltr'><strong>nee</strong></span> <span class='ocrx_word' id='word_1_243' title='bbox 396 2989 582 3077; x_wconf 72' lang='lat' dir='ltr'><strong>Scriptura,</strong></span> <span class='ocrx_word' id='word_1_244' title='bbox 603 3010 665 3056; x_wconf 82' lang='lat' dir='ltr'><strong>neu</strong></span> <span class='ocrx_word' id='word_1_245' title='bbox 685 2989 830 3074; x_wconf 84' lang='lat' dir='ltr'><strong>historia,</strong></span> <span class='ocrx_word' id='word_1_246' title='bbox 858 3008 920 3052; x_wconf 85' lang='lat' dir='ltr'><strong>nee</strong></span> <span class='ocrx_word' id='word_1_247' title='bbox 952 2989 1153 3074; x_wconf 75' lang='lat' dir='ltr'><strong>experientia</strong></span> 
     </span>
     <span class='ocr_line' id='line_1_28' title="bbox 18 3093 1151 3182; baseline -0.002 -24"><span class='ocrx_word' id='word_1_248' title='bbox 18 3095 170 3180; x_wconf 81' lang='lat' dir='ltr'><strong>idoneat,</strong></span> <span class='ocrx_word' id='word_1_249' title='bbox 193 3105 223 3160; x_wconf 89' lang='lat' dir='ltr'><strong>et</strong></span> <span class='ocrx_word' id='word_1_250' title='bbox 245 3097 444 3181; x_wconf 86' lang='lat' dir='ltr'><strong>impossibile</strong></span> <span class='ocrx_word' id='word_1_251' title='bbox 463 3100 506 3162; x_wconf 87' lang='lat' dir='ltr'><strong>sit</strong></span> <span class='ocrx_word' id='word_1_252' title='bbox 539 3099 573 3160; x_wconf 90' lang='lat' dir='ltr'><strong>iu</strong></span> <span class='ocrx_word' id='word_1_253' title='bbox 595 3099 776 3182; x_wconf 81' lang='lat' dir='ltr'><strong>oppositum</strong></span> <span class='ocrx_word' id='word_1_254' title='bbox 799 3097 885 3159; x_wconf 88' lang='lat' dir='ltr'><strong>urbis</strong></span> <span class='ocrx_word' id='word_1_255' title='bbox 915 3095 1069 3159; x_wconf 83' lang='lat' dir='ltr'><strong>devenire</strong></span> <span class='ocrx_word' id='word_1_256' title='bbox 1100 3093 1151 3156; x_wconf 87' lang='lat' dir='ltr'><strong>lu-</strong></span> 
     </span>
     <span class='ocr_line' id='line_1_29' title="bbox 19 3201 1152 3288; baseline -0.004 -26"><span class='ocrx_word' id='word_1_257' title='bbox 19 3219 68 3264; x_wconf 88' lang='lat' dir='ltr'><strong>um</strong></span> <span class='ocrx_word' id='word_1_258' title='bbox 85 3211 213 3286; x_wconf 86' lang='lat' dir='ltr'><strong>propter</strong></span> <span class='ocrx_word' id='word_1_259' title='bbox 232 3202 346 3268; x_wconf 85' lang='lat' dir='ltr'><strong>eeeani</strong></span> <span class='ocrx_word' id='word_1_260' title='bbox 359 3203 619 3286; x_wconf 77' lang='lat' dir='ltr'><strong>immensitatem,</strong></span> <span class='ocrx_word' id='word_1_261' title='bbox 638 3221 734 3287; x_wconf 86' lang='lat' dir='ltr'><strong>quam</strong></span> <span class='ocrx_word' id='word_1_262' title='bbox 746 3201 834 3265; x_wconf 91' lang='lat' dir='ltr'><strong>nulla</strong></span> <span class='ocrx_word' id='word_1_263' title='bbox 854 3201 1063 3288; x_wconf 79' lang='lat' dir='ltr'><strong>navigatione</strong></span> <span class='ocrx_word' id='word_1_264' title='bbox 1075 3217 1152 3279; x_wconf 86' lang='lat' dir='ltr'><strong>per-</strong></span> 
     </span>
     <span class='ocr_line' id='line_1_30' title="bbox 19 3299 1151 3392; baseline -0.004 -27"><span class='ocrx_word' id='word_1_265' title='bbox 19 3307 128 3370; x_wconf 71' lang='lat' dir='ltr'><strong>ransire</strong></span> <span class='ocrx_word' id='word_1_266' title='bbox 148 3316 200 3371; x_wconf 86' lang='lat' dir='ltr'><strong>est</strong></span> <span class='ocrx_word' id='word_1_267' title='bbox 219 3305 382 3392; x_wconf 81' lang='lat' dir='ltr'><strong>possibile.</strong></span> <span class='ocrx_word' id='word_1_268' title='bbox 428 3308 481 3371; x_wconf 87' lang='lat' dir='ltr'><strong>De</strong></span> <span class='ocrx_word' id='word_1_269' title='bbox 500 3309 554 3371; x_wconf 79' lang='lat' dir='ltr'><strong>liis</strong></span> <span class='ocrx_word' id='word_1_270' title='bbox 572 3325 692 3392; x_wconf 85' lang='lat' dir='ltr'><strong>quaere</strong></span> <span class='ocrx_word' id='word_1_271' title='bbox 718 3309 752 3370; x_wconf 88' lang='lat' dir='ltr'><strong>in</strong></span> <span class='ocrx_word' id='word_1_272' title='bbox 774 3305 905 3390; x_wconf 54' lang='lat' dir='ltr'><strong>Speenlr</strong></span> <span class='ocrx_word' id='word_1_273' title='bbox 936 3310 1003 3366; x_wconf 80' lang='lat' dir='ltr'><strong>nat.</strong></span> <span class='ocrx_word' id='word_1_274' title='bbox 1029 3303 1050 3362; x_wconf 87' lang='lat' dir='ltr'><strong>l.</strong></span> <span class='ocrx_word' id='word_1_275' title='bbox 1070 3299 1100 3362; x_wconf 78' lang='lat'><strong>7.</strong></span> <span class='ocrx_word' id='word_1_276' title='bbox 1123 3319 1151 3362; x_wconf 86' lang='lat' dir='ltr'><strong>e.</strong></span> 
     </span>
     <span class='ocr_line' id='line_1_31' title="bbox 22 3404 1153 3494; baseline -0.005 -22"><span class='ocrx_word' id='word_1_277' title='bbox 22 3404 52 3472; x_wconf 83' lang='grc'><strong>0.</strong></span> <span class='ocrx_word' id='word_1_278' title='bbox 92 3410 159 3476; x_wconf 83' lang='lat' dir='ltr'><strong>Sed</strong></span> <span class='ocrx_word' id='word_1_279' title='bbox 179 3412 355 3477; x_wconf 82' lang='lat' dir='ltr'><strong>infallibilis</strong></span> <span class='ocrx_word' id='word_1_280' title='bbox 376 3414 499 3477; x_wconf 84' lang='lat' dir='ltr'><strong>veritas</strong></span> <span class='ocrx_word' id='word_1_281' title='bbox 520 3430 635 3476; x_wconf 80' lang='lat' dir='ltr'><strong>saurae</strong></span> <span class='ocrx_word' id='word_1_282' title='bbox 663 3411 851 3494; x_wconf 81' lang='lat' dir='ltr'><strong>Scripturas</strong></span> <span class='ocrx_word' id='word_1_283' title='bbox 878 3407 1073 3470; x_wconf 78' lang='lat' dir='ltr'><strong>testimoniis</strong></span> <span class='ocrx_word' id='word_1_284' title='bbox 1099 3405 1153 3467; x_wconf 88' lang='lat' dir='ltr'><strong>in-</strong></span> 
     </span>
     <span class='ocr_line' id='line_1_32' title="bbox 20 3509 1152 3598; baseline -0.003 -25"><span class='ocrx_word' id='word_1_285' title='bbox 20 3512 94 3598; x_wconf 80' lang='lat' dir='ltr'><strong>lusit,</strong></span> <span class='ocrx_word' id='word_1_286' title='bbox 113 3516 295 3582; x_wconf 83' lang='lat' dir='ltr'><strong>Jerusalem</strong></span> <span class='ocrx_word' id='word_1_287' title='bbox 316 3519 350 3581; x_wconf 90' lang='lat' dir='ltr'><strong>in</strong></span> <span class='ocrx_word' id='word_1_288' title='bbox 372 3518 477 3582; x_wconf 87' lang='lat' dir='ltr'><strong>medio</strong></span> <span class='ocrx_word' id='word_1_289' title='bbox 498 3516 609 3581; x_wconf 88' lang='lat' dir='ltr'><strong>mundi</strong></span> <span class='ocrx_word' id='word_1_290' title='bbox 631 3535 715 3580; x_wconf 84' lang='lat' dir='ltr'><strong>esse.</strong></span> <span class='ocrx_word' id='word_1_291' title='bbox 768 3511 866 3577; x_wconf 79' lang='lat' dir='ltr'><strong>Multi</strong></span> <span class='ocrx_word' id='word_1_292' title='bbox 893 3521 1001 3575; x_wconf 87' lang='lat' dir='ltr'><strong>tamen</strong></span> <span class='ocrx_word' id='word_1_293' title='bbox 1032 3509 1152 3590; x_wconf 88' lang='lat' dir='ltr'><strong>dieunt,</strong></span> 
     </span>
     <span class='ocr_line' id='line_1_33' title="bbox 20 3613 1153 3706; baseline -0.001 -32"><span class='ocrx_word' id='word_1_294' title='bbox 20 3617 174 3686; x_wconf 84' lang='lat' dir='ltr'><strong>ierusalem</strong></span> <span class='ocrx_word' id='word_1_295' title='bbox 195 3621 321 3706; x_wconf 84' lang='lat' dir='ltr'><strong>quidem</strong></span> <span class='ocrx_word' id='word_1_296' title='bbox 342 3640 418 3686; x_wconf 86' lang='lat' dir='ltr'><strong>esse</strong></span> <span class='ocrx_word' id='word_1_297' title='bbox 438 3626 473 3687; x_wconf 94' lang='lat' dir='ltr'><strong>iu</strong></span> <span class='ocrx_word' id='word_1_298' title='bbox 493 3622 599 3686; x_wconf 86' lang='lat' dir='ltr'><strong>media</strong></span> <span class='ocrx_word' id='word_1_299' title='bbox 620 3618 731 3684; x_wconf 86' lang='lat' dir='ltr'><strong>muudi</strong></span> <span class='ocrx_word' id='word_1_300' title='bbox 762 3615 967 3698; x_wconf 82' lang='lat' dir='ltr'><strong>habitabilis,</strong></span> <span class='ocrx_word' id='word_1_301' title='bbox 998 3613 1058 3678; x_wconf 83' lang='lat' dir='ltr'><strong>sed</strong></span> <span class='ocrx_word' id='word_1_302' title='bbox 1089 3631 1153 3676; x_wconf 92' lang='lat' dir='ltr'><strong>non</strong></span> 
     </span>
     <span class='ocr_line' id='line_1_34' title="bbox 21 3717 1153 3802; baseline 0 -22"><span class='ocrx_word' id='word_1_303' title='bbox 21 3737 40 3780; x_wconf 87' lang='lat' dir='ltr'><strong>n</strong></span> <span class='ocrx_word' id='word_1_304' title='bbox 61 3723 155 3788; x_wconf 85' lang='lat' dir='ltr'><strong>medie</strong></span> <span class='ocrx_word' id='word_1_305' title='bbox 176 3729 342 3792; x_wconf 80' lang='lat' dir='ltr'><strong>machinae</strong></span> <span class='ocrx_word' id='word_1_306' title='bbox 361 3729 461 3792; x_wconf 86' lang='lat' dir='ltr'><strong>totius</strong></span> <span class='ocrx_word' id='word_1_307' title='bbox 482 3727 602 3792; x_wconf 89' lang='lat' dir='ltr'><strong>mundi.</strong></span> <span class='ocrx_word' id='word_1_308' title='bbox 626 3725 677 3788; x_wconf 87' lang='lat' dir='ltr'><strong>Sit</strong></span> <span class='ocrx_word' id='word_1_309' title='bbox 694 3732 802 3786; x_wconf 86' lang='lat' dir='ltr'><strong>tamen</strong></span> <span class='ocrx_word' id='word_1_310' title='bbox 818 3725 868 3786; x_wconf 86' lang='lat' dir='ltr'><strong>sie</strong></span> <span class='ocrx_word' id='word_1_311' title='bbox 882 3721 936 3785; x_wconf 90' lang='lat' dir='ltr'><strong>vel</strong></span> <span class='ocrx_word' id='word_1_312' title='bbox 959 3721 1018 3802; x_wconf 87' lang='lat' dir='ltr'><strong>sie,</strong></span> <span class='ocrx_word' id='word_1_313' title='bbox 1039 3717 1153 3800; x_wconf 81' lang='lat' dir='ltr'><strong>Scrip-</strong></span> 
     </span>
     <span class='ocr_line' id='line_1_35' title="bbox 22 3825 1155 3917; baseline 0.001 -36"><span class='ocrx_word' id='word_1_314' title='bbox 22 3841 92 3886; x_wconf 87' lang='lat' dir='ltr'><strong>nraa</strong></span> <span class='ocrx_word' id='word_1_315' title='bbox 108 3845 212 3892; x_wconf 82' lang='lat' dir='ltr'><strong>saurae</strong></span> <span class='ocrx_word' id='word_1_316' title='bbox 232 3829 427 3896; x_wconf 83' lang='lat' dir='ltr'><strong>eredendum</strong></span> <span class='ocrx_word' id='word_1_317' title='bbox 449 3841 510 3916; x_wconf 89' lang='lat' dir='ltr'><strong>est,</strong></span> <span class='ocrx_word' id='word_1_318' title='bbox 531 3850 616 3917; x_wconf 88' lang='lat' dir='ltr'><strong>quae</strong></span> <span class='ocrx_word' id='word_1_319' title='bbox 646 3829 828 3894; x_wconf 82' lang='lat' dir='ltr'><strong>Jerusalem</strong></span> <span class='ocrx_word' id='word_1_320' title='bbox 854 3829 888 3889; x_wconf 91' lang='lat' dir='ltr'><strong>iu</strong></span> <span class='ocrx_word' id='word_1_321' title='bbox 916 3825 1021 3890; x_wconf 84' lang='lat' dir='ltr'><strong>medio</strong></span> <span class='ocrx_word' id='word_1_322' title='bbox 1050 3830 1155 3890; x_wconf 87' lang='lat' dir='ltr'><strong>terrae</strong></span> 
     </span>
     <span class='ocr_line' id='line_1_36' title="bbox 22 3927 1153 4020; baseline -0.014 -16"><span class='ocrx_word' id='word_1_323' title='bbox 22 3930 136 4003; x_wconf 82' lang='lat' dir='ltr'><strong>insitam</strong></span> <span class='ocrx_word' id='word_1_324' title='bbox 155 3951 228 3999; x_wconf 86' lang='lat' dir='ltr'><strong>esse</strong></span> <span class='ocrx_word' id='word_1_325' title='bbox 249 3935 611 4020; x_wconf 64' lang='lat' dir='ltr'><strong>dinnastinensem</strong></span> <span class='ocrx_word' id='word_1_326' title='bbox 648 3943 794 3998; x_wconf 87' lang='lat' dir='ltr'><strong>nostrum</strong></span> <span class='ocrx_word' id='word_1_327' title='bbox 824 3931 960 3995; x_wconf 90' lang='lat' dir='ltr'><strong>salutem</strong></span> <span class='ocrx_word' id='word_1_328' title='bbox 992 3929 1026 3993; x_wconf 89' lang='lat' dir='ltr'><strong>in</strong></span> <span class='ocrx_word' id='word_1_329' title='bbox 1047 3927 1153 3991; x_wconf 86' lang='lat' dir='ltr'><strong>medio</strong></span> 
     </span>
     <span class='ocr_line' id='line_1_37' title="bbox 23 4030 1155 4120; baseline 0.001 -28"><span class='ocrx_word' id='word_1_330' title='bbox 23 4037 108 4096; x_wconf 86' lang='lat' dir='ltr'><strong>terrae</strong></span> <span class='ocrx_word' id='word_1_331' title='bbox 128 4049 283 4120; x_wconf 81' lang='lat' dir='ltr'><strong>operatum</strong></span> <span class='ocrx_word' id='word_1_332' title='bbox 306 4041 411 4103; x_wconf 81' lang='lat' dir='ltr'><strong>fuisse</strong></span> <span class='ocrx_word' id='word_1_333' title='bbox 431 4040 557 4102; x_wconf 87' lang='lat' dir='ltr'><strong>asserit.</strong></span> <span class='ocrx_word' id='word_1_334' title='bbox 602 4038 697 4104; x_wconf 89' lang='lat' dir='ltr'><strong>Unde</strong></span> <span class='ocrx_word' id='word_1_335' title='bbox 727 4037 768 4099; x_wconf 88' lang='lat' dir='ltr'><strong>de</strong></span> <span class='ocrx_word' id='word_1_336' title='bbox 795 4037 900 4120; x_wconf 84' lang='lat' dir='ltr'><strong>primo</strong></span> <span class='ocrx_word' id='word_1_337' title='bbox 933 4035 1011 4098; x_wconf 81' lang='lat' dir='ltr'><strong>dicit</strong></span> <span class='ocrx_word' id='word_1_338' title='bbox 1042 4030 1155 4095; x_wconf 75' lang='lat' dir='ltr'><strong>nzeen</strong></span> 
     </span>
     <span class='ocr_line' id='line_1_38' title="bbox 23 4129 1155 4226; baseline -0.004 -25"><span class='ocrx_word' id='word_1_339' title='bbox 23 4129 87 4195; x_wconf 81' lang='lat' dir='ltr'><strong>Vl:</strong></span> <span class='ocrx_word' id='word_1_340' title='bbox 104 4141 164 4203; x_wconf 84' lang='lat' dir='ltr'><strong>lsta</strong></span> <span class='ocrx_word' id='word_1_341' title='bbox 194 4142 350 4226; x_wconf 64' lang='grc' dir='ltr'>(ΙΙΒΔ)</span> <span class='ocrx_word' id='word_1_342' title='bbox 384 4155 435 4207; x_wconf 87' lang='lat' dir='ltr'><strong>est</strong></span> <span class='ocrx_word' id='word_1_343' title='bbox 466 4142 670 4226; x_wconf 86' lang='lat' dir='ltr'><strong>Jerusalem,</strong></span> <span class='ocrx_word' id='word_1_344' title='bbox 695 4145 730 4210; x_wconf 92' lang='lat' dir='ltr'><strong>in</strong></span> <span class='ocrx_word' id='word_1_345' title='bbox 758 4141 863 4205; x_wconf 86' lang='lat' dir='ltr'><strong>medio</strong></span> <span class='ocrx_word' id='word_1_346' title='bbox 884 4140 1028 4223; x_wconf 80' lang='lat' dir='ltr'><strong>gentium</strong></span> <span class='ocrx_word' id='word_1_347' title='bbox 1059 4133 1155 4218; x_wconf 83' lang='lat' dir='ltr'><strong>posui</strong></span> 
     </span>
    </p>
   </div>
   <div class='ocr_carea' id='block_1_3' title="bbox 27 4239 1155 4479">
    <p class='ocr_par' dir='ltr' id='par_1_4' title="bbox 27 4239 1155 4479">
     <span class='ocr_line' id='line_1_39' title="bbox 27 4239 1155 4399; baseline -0.006 -94"><span class='ocrx_word' id='word_1_348' title='bbox 27 4251 92 4320; x_wconf 67' lang='lat' dir='ltr'><strong>tam,</strong></span> <span class='ocrx_word' id='word_1_349' title='bbox 110 4253 140 4305; x_wconf 88' lang='lat' dir='ltr'><strong>et</strong></span> <span class='ocrx_word' id='word_1_350' title='bbox 157 4247 188 4308; x_wconf 90' lang='lat' dir='ltr'><strong>ln</strong></span> <span class='ocrx_word' id='word_1_351' title='bbox 203 4250 338 4312; x_wconf 81' lang='lat' dir='ltr'><strong>eirerritu</strong></span> <span class='ocrx_word' id='word_1_352' title='bbox 360 4248 433 4332; x_wconf 86' lang='lat' dir='ltr'><strong>ejus</strong></span> <span class='ocrx_word' id='word_1_353' title='bbox 453 4258 579 4312; x_wconf 77' lang='lat' dir='ltr'><strong>terram.</strong></span> <span class='ocrx_word' id='word_1_354' title='bbox 601 4245 652 4309; x_wconf 83' lang='lat' dir='ltr'><strong>De</strong></span> <span class='ocrx_word' id='word_1_355' title='bbox 672 4243 816 4308; x_wconf 86' lang='lat' dir='ltr'><strong>seeundo</strong></span> <span class='ocrx_word' id='word_1_356' title='bbox 834 4243 946 4399; x_wconf 62' lang='lat' dir='ltr'><strong>Psa2l⁰m</strong></span> <span class='ocrx_word' id='word_1_357' title='bbox 965 4239 1039 4306; x_wconf 56' lang='grc' dir='ltr'><strong>ηε</strong></span> <span class='ocrx_word' id='word_1_358' title='bbox 1074 4254 1155 4320; x_wconf 69' lang='grc' dir='ltr'>ορθ-</span> 
     </span>
     <span class='ocr_line' id='line_1_40' title="bbox 1068 4448 1081 4479; baseline -0.077 0"><span class='ocrx_word' id='word_1_359' title='bbox 1068 4448 1081 4479; x_wconf 61' lang='lat' dir='ltr'><strong>r</strong></span> 
     </span>
    </p>
   </div>
   <div class='ocr_carea' id='block_1_4' title="bbox 330 4530 368 4587">
    <p class='ocr_par' dir='ltr' id='par_1_5' title="bbox 330 4530 368 4587">
     <span class='ocr_line' id='line_1_41' title="bbox 330 4530 368 4587; baseline -0.026 -40"><span class='ocrx_word' id='word_1_360' title='bbox 330 4530 368 4587; x_wconf 37' lang='grc' dir='ltr'><strong>ἃ.</strong></span> 
     </span>
    </p>
   </div>
   <div class='ocr_carea' id='block_1_5' title="bbox 0 0 1314 4842">
    <p class='ocr_par' dir='ltr' id='par_1_6' title="bbox 0 0 1314 4842">
     <span class='ocr_line' id='line_1_42' title="bbox 0 0 1314 4842; baseline 0 0"><span class='ocrx_word' id='word_1_361' title='bbox 0 0 1314 4842; x_wconf 95' lang='lat' dir='ltr'><strong> </strong></span> 
     </span>
    </p>
   </div>
  </div>
 </body>
</html>
