2792 4778
539 150 544 157 -
655 115 718 179 459

12 301 37 318 “
92 295 202 378 stetit,
225 288 266 357 de
288 294 419 358 sublimi
439 303 547 359 autem
567 311 699 360 sacrum
719 295 885 361 lavacrum
909 295 1070 364 decidens
1090 297 1209 363 cecidit
1236 302 1270 363 iu

93 419 214 465 cavam
244 404 375 484 rupem,
410 401 446 462 ln
467 419 532 482 qua
553 407 622 464 tota
653 400 710 463 illa
735 418 830 464 sacra
863 401 987 468 undula
1005 409 1140 486 recepta
1161 409 1272 469 astet

94 514 246 587 servata,
268 512 301 567 et
325 505 444 568 mersit
461 505 506 570 iot
525 523 611 589 aqua
632 506 686 567 illa
708 525 767 587 per
787 495 907 567 mullos
929 513 1033 567 manos
1061 509 1136 572 sine
1155 512 1271 590 putra-

95 611 257 703 factione
282 616 315 672 et
345 609 418 672 slne
449 606 642 680 defictione.
685 608 740 691 Ad
770 609 856 672 hanc
884 607 1034 672 lacunam
1070 610 1272 678 ducebantur

12 739 13 742 ¹
95 715 174 778 oliru'
196 713 377 797 peregrini,
398 721 432 774 et
450 711 492 776 de
517 730 559 775 ea
578 714 731 778 lavabant
749 710 862 776 voltus
882 729 979 795 snos,
1000 721 1034 776 ct
1055 733 1097 778 ex
1118 735 1158 779 ea
1178 719 1271 785 bibe

96 824 195 903 bant,
227 825 262 880 at
297 817 434 882 vascula
454 835 516 880 sna
544 817 737 900 implebant,
768 817 864 883 etad
891 825 1002 900 partas
1038 824 1283 887 transmarinas·

96 924 265 988 ducebant
286 939 345 1004 pro
375 919 611 986 medicamenta
640 939 826 1005 corporum,
857 923 934 1006 qnia
965 921 1059 1006 mulli
1085 923 1208 988 debiles
1229 947 1272 990 ex

97 1046 140 1091 ea
164 1035 336 1112 gustantes
366 1025 482 1088 melius
510 1026 691 1110 habebant,
716 1033 754 1090 'ct
773 1035 891 1108 tamen,
925 1034 1209 1113 quantumpnuquc
1229 1029 1272 1093 de

97 1151 140 1197 ea
169 1139 374 1217 portaretur,
408 1145 471 1193 nou
512 1132 574 1194 fnit
604 1133 781 1223 imminuta,
809 1129 1019 1213 miraculoso,
1056 1132 1132 1214 qnia
1167 1135 1273 1197 carnit

97 1237 234 1302 refluxu.
273 1237 370 1298 Hanc
390 1253 469 1317 ergo
489 1253 663 1300 cavernam
686 1214 759 1300 carru¹
786 1235 918 1298 lavacro
940 1235 1111 1301 barradiclo
1134 1239 1270 1320 quaesi-

96 1344 224 1424 vimus,
242 1331 302 1403 sod
328 1340 461 1402 minime
479 1341 681 1424 invenimust
716 1357 778 1402 noc
797 1343 928 1423 mirum,
950 1342 1027 1423 qnia
1056 1342 1184 1404 interim
1206 1343 1269 1406 luit

97 1463 218 1529 magna
235 1445 303 1508 loci
333 1446 468 1530 mutatio
501 1453 632 1529 propter
661 1445 814 1528 ingentes
838 1453 1019 1508 structuras
1052 1446 1097 1510 ibi
1128 1457 1266 1510 memus.

99 1549 220 1616 Ultimo
240 1552 344 1632 enim,
365 1549 495 1632 qnando
515 1549 694 1650 Chpistlani
725 1559 841 1613 terram
865 1557 1011 1612 sanctam
1042 1549 1282 1634 possederunt,

99 1673 160 1718 rex
180 1653 366 1718 Jerusalem
388 1656 525 1719 munivit
555 1657 745 1730 Bethlehem
768 1653 848 1718 ultis
877 1655 979 1718 muris
999 1662 1033 1717 et
1054 1657 1193 1720 turribus
1214 1676 1272 1739 per

98 1759 277 1827 circuitam·
321 1761 365 1820 Et
384 1758 458 1823 ideo
479 1761 535 1823 illa
557 1763 689 1845 antiqua
709 1760 775 1823 loci
793 1757 966 1839 dispositio
989 1768 1039 1822 cst
1061 1761 1178 1824 ablata.
1213 1765 1271 1825 In·

96 1860 207 1950 gressi
224 1870 335 1924 antem
358 1880 473 1925 sumus
492 1865 527 1926 in
554 1863 766 1946 Bethlehem,
799 1870 833 1924 et
851 1859 1000 1924 dominos
1032 1863 1166 1927 Mauros
1189 1865 1271 1927 dno

98 1979 188 2031 tores
209 1971 340 2028 nostros
361 1975 492 2048 paratos
514 1967 555 2028 ad
578 1983 746 2029 recessum
765 1965 968 2041 invenimns3
997 1981 1062 2026 non
1085 1971 1170 2028 enim
1192 1966 1271 2031 des-

98 2070 275 2136 cenderant
294 2071 476 2148 ,nobiscnm
497 2071 531 2133 irl
552 2066 690 2152 vallem,
712 2068 772 2133 sed
794 2069 837 2132 uin
856 2068 999 2131 ecclesia
1032 2079 1217 2134 manserant
1237 2073 1271 2137 in

97 2178 209 2260 quieta
248 2183 280 2238 et
302 2179 375 2237 nos'
396 2174 642 2258 emectabant.
684 2177 785 2244 Eram
806 2181 914 2236 antem
946 2173 1045 2236 amari
1078 2183 1191 2238 contra
1211 2193 1272 2240 noc

89 2288 231 2364 ‘propter
257 2279 470 2342 tardationcm
490 2265 633 2342 frustrum
660 2290 694 2348 el
717 2276 915 2344 scatirrabant
946 2276 1052 2340 redire
1072 2279 1108 2342 in
1128 2281 1269 2346 Jerusa-

98 2388 164 2450 lem
187 2383 257 2468 (B)
281 2391 358 2448 ante
378 2384 459 2448 solis
480 2395 739 2509 ascensnmssnp
754 2386 789 2448 in
808 2385 938 2448 fervore
956 2379 1186 2465 affligeremur.

99 2616 160 2733 De
188 2617 432 2718 valefactione
459 2623 498 2694 cl
514 2617 562 2696 de
585 2615 767 2692 oblatione
791 2616 1062 2732 peregrinorum
1079 2613 1127 2692 ad
1152 2615 1270 2690 locuni

522 2735 722 2824 nativitatis
744 2737 851 2815 Jesn.

185 2919 269 2984 Cum
290 2920 370 2983 hora
390 2916 523 2984 adesset
553 2915 723 2981 recedendi
750 2917 791 2981 dc
820 2917 1030 2994 Bethlehem,
1071 2904 1272 2981 cucurrimus

104 3041 218 3087 omnes
250 3023 291 3088 ad
322 3041 457 3105 specum
496 3016 675 3085 dominicae
707 3023 907 3105 rusticitatis,
931 3029 993 3086 nt
1013 3021 1272 3086 valefaceremns

102 3143 204 3212 puero
226 3130 326 3212 Jesn,
346 3136 380 3191 et
399 3141 582 3212 puerperae
602 3126 741 3210 Virgini.
784 3129 845 3192 llst
868 3137 979 3192 autem
1001 3125 1204 3192 consuetodo
1231 3143 1273 3186 ox

102 3233 275 3298 dovotione
294 3225 540 3316 peregrinorum
562 3229 712 3313 inducta,
735 3231 820 3312 qnod
843 3235 875 3293 in
897 3233 1010 3296 ultima
1032 3219 1273 3294 deosculatione

88 3317 166 3402 ‘rou
187 3339 273 3402 saorr
291 3338 475 3400 retrursus
498 3334 620 3398 consa
642 3333 781 3397 onerant
799 3335 918 3416 surgun
940 3335 1106 3416 peregrini
1135 3333 1271 3414 anquam

100 3443 288 3524 pecuniam,
319 3439 479 3522 ponentes
512 3439 582 3500 eam
620 3454 720 3518 super
748 3453 875 3499 sacrum
916 3437 1056 3519 lapidem
1090 3439 1273 3501 nativitatis

100 3543 230 3608 Domini
251 3562 310 3626 pro
331 3559 441 3604 amore
461 3533 523 3604 Dei
547 3547 578 3603 et
591 3541 747 3624 Virginis,
769 3546 802 3602 et
823 3531 984 3604 ecclcsiae
1005 3543 1218 3624 reparatione,
1239 3549 1273 3602 et

102 3649 235 3712 {latrum
256 3649 289 3711 in
310 3647 354 3711 ibi
375 3637 560 3729 degentium
582 3647 829 3710 sustentatione.
872 3647 909 3708 ln
931 3646 987 3708 illa
1008 3665 1088 3710 vcro
1112 3646 1274 3709 oblatione

104 3740 346 3838 peregrinorum
373 3750 508 3833 contigit
539 3749 700 3833 quoddam
723 3749 915 3813 detestabile
936 3749 1075 3834 lactum,
1092 3736 1194 3833 ⁴qnod
1215 3767 1274 3832 pro

104 3863 194 3922 certo
216 3873 332 3920 vereor
349 3855 486 3919 recitare
501 3861 633 3939 propter
649 3853 890 3938 peregrinorum
910 3856 1135 3919 reverentiam.
1159 3853 1274 3916 Dicam

104 3971 229 4042 tamon,
257 3970 292 4025 nt
313 3962 363 4049 lai,
397 3959 452 4043 qui
478 3945 542 4022 non
572 3968 708 4042 possunt
740 3957 780 4022 ad
812 3958 866 4020 illa
900 3959 972 4022 loca
1005 3965 1119 4023 anicla
1150 3953 1276 4036 vertite}
1383 4015 1384 4044 ξ

104 4073 323 4150 cognoscant,
345 4061 431 4147 qnod
452 4063 545 4128 locus
566 4073 700 4126 sanctus
732 4064 777 4126 nil
800 4063 878 4127 lacit
910 4066 943 4124 in
971 4081 1035 4126 non
1056 4065 1141 4124 benc
1163 4060 1275 4141 dispo·
1383 4047 1384 4050 ¹

104 4171 194 4256 sitis,
225 4181 258 4236 ct
292 4173 384 4238 locus
416 4157 482 4234 non
513 4176 648 4234 candus
663 4186 741 4274 onon
777 4167 878 4232 allicit
907 4168 940 4231 in
963 4169 1046 4230 bene
1077 4165 1274 4239 volentibus„
