2596 4788
695 85 759 157 828

138 269 356 344 mrimieeime
376 267 527 352 inspexit,
548 271 582 332 et
604 267 763 352 manibus,
784 268 932 352 peditus,
962 265 1118 350 digitis,
1140 274 1171 328 et
1188 275 1245 328 erte

137 357 278 444 brachiis
294 390 477 439 mensurum
498 374 569 456 ejus
592 371 727 457 accepit.
771 372 875 457 Cujus
902 372 1061 456 quidem
1086 369 1249 452 description

136 499 263 546 mecum
289 481 323 545 iu
337 479 536 542 ¹Jerusalem
569 479 682 560 nonni,
710 487 743 542 et
768 497 827 561 per
858 479 988 560 munia,
1014 477 1118 538 sicut
1145 477 1248 558 scripsit

135 582 454 667 aoneteeapulclno,
474 585 524 648 eie
545 581 668 648 inveni.
709 583 789 646 Ideo
809 601 882 646 eum
914 583 961 646 de
989 581 1196 646 theutonica
1220 581 1258 659 ling

134 691 168 753 in
185 689 319 752 latinum
340 688 525 771 transumei,
547 696 580 750 et
600 689 787 768 evagatorio
808 707 880 750 mee
911 688 1081 768 inserui,
1106 686 1157 747 uti
1175 701 1256 748 verm

135 814 157 858 a
176 798 248 858 viro
268 801 393 876 maturo
415 801 449 854 et
468 794 579 857 vernei
599 789 790 854 consectam.
834 791 901 865 ¹Sed
922 811 969 854 ne
988 790 1110 855 alicui
1133 789 1263 852 terminon

137 897 361 983 'aequivocatio
389 897 630 979 ambiguitatem
661 904 814 980 generet,
849 897 911 960 hoc
949 892 1266 979 praenotandum

138 1004 223 1089 quod
245 1004 437 1084 ubicumque
457 1003 531 1084 ipse
553 1001 701 1066 dominnm
726 999 896 1064 lohannee'
917 1001 1072 1066 'l'uclner
1095 1001 1190 1082 ponit
1215 999 1269 1058 iun

139 1110 324 1174 theutonice
343 1106 452 1170 libello
469 1107 626 1192 dicituro,
646 1107 691 1170 ibi
713 1125 775 1190 ege
796 1107 938 1170 cubitum
959 1125 1095 1190 pono,
1131 1101 1218 1184 mine
1233 1111 1269 1172 ult

137 1231 215 1279 aura
245 1213 401 1294 accipitur
432 1214 573 1276 extantia
600 1211 756 1276 ambobus
793 1212 934 1277 trochus
967 1212 1021 1274 de
1069 1208 1209 1272 termine
1231 1195 1269 1268 lt

139 1318 231 1410 digiti
251 1318 346 1380 unius
377 1313 491 1380 manus
511 1333 618 1398 neque
640 1315 680 1379 ad
706 1317 876 1382 terminum
897 1317 1063 1381 alterius.
1123 1313 1171 1374 Et
1189 1310 1231 1374 ulti
1243 1309 1269 1386 ¹'ll

136 1423 226 1504 penit
247 1422 398 1504 Quaene,
428 1420 473 1483 ibi
507 1439 571 1503 ege
601 1439 719 1503 ponam
751 1421 908 1504 palmum,
937 1421 996 1503 qui
1034 1417 1205 1498 accipitur
1227 1423 1269 1476 nn

138 1535 274 1588 extensa
295 1525 335 1586 de
354 1525 512 1606 principie
533 1524 683 1610 pollicis,
703 1543 808 1610 usque
837 1524 999 1588 adfinem
1046 1519 1231 1586 auricularia
1248 1532 1269 1584 tt

138 1629 235 1692 medii
257 1628 358 1710 digiti.
403 1626 566 1692 Describit
590 1648 668 1712 ergo
689 1627 854 1713 praelatus
886 1631 947 1712 vir,
969 1630 1162 1693 Jchauneu
1192 1621 1269 1696 unctu

138 1733 331 1798 dominicum
362 1733 571 1816 sepulchrum
603 1742 637 1798 et
673 1741 913 1798 monumentum
949 1736 1011 1797 sie.
1076 1733 1266 1796 lllenumcdu

136 1823 265 1902 Domini
294 1839 334 1903 ub
363 1841 516 1904 exteriori
558 1839 692 1924 apparet
727 1843 832 1922 primo
866 1846 1004 1921 aspectu
1035 1837 1144 1922 quasi
1168 1826 1269 1914 quaele

137 1947 234 2010 turris
248 1949 352 2027 basse,
372 1963 436 2010 non
458 1945 533 2030 alta,
555 1965 613 2030 per
633 1946 800 2012 circuitum
821 1943 992 2010 duodecim
1014 1941 1165 2027 ungules
1183 1932 1263 1996 helui

137 2049 233 2113 etad
255 2049 430 2130 quemlibet
453 2049 605 2132 angulum
637 2059 704 2114 etet
733 2049 883 2123 columna
916 2051 1050 2134 lapidea
1080 2033 1265 2121 sexangulae

137 2152 235 2216 uinus
256 2152 356 2234 palmi
377 2155 498 2239 spissa,
520 2164 553 2218 et
574 2155 650 2220 illae
671 2154 841 2218 columnae
862 2163 1053 2223 sustentent
1091 2164 1214 2236 paruam
1227 2149 1262 2198 ¹⁶*

139 2256 295 2340 tudinem,
319 2276 403 2341 qnae
425 2268 477 2322 eet
496 2276 596 2344 cupre
617 2269 855 2324 mouumentum
867 2307 878 2344 ‚
908 2280 930 2325 a
954 2279 1021 2344 que
1054 2251 1214 2325 testudine
1228 2239 1264 2304 mit

138 2359 297 2446 quaedam
321 2353 580 2428 circumferentia
599 2385 658 2448 per
679 2366 858 2449 circuitum,
880 2384 964 2449 quae
985 2366 1160 2430 columnae
1182 2343 1260 2414 excell

141 2466 184 2530 ad
210 2486 393 2532 mensuram
422 2469 543 2534 dimidii
571 2471 675 2553 pedis,
729 2473 837 2532 Habet
864 2478 971 2535 autem
996 2466 1180 2534 rotunditas
1202 2451 1261 2516 mun

139 2567 352 2636 domunculae
372 2593 445 2638 cum
460 2575 617 2641 columnis
638 2576 702 2638 XII
711 2577 839 2639 cubitos
863 2592 1011 2657 magnae,
1030 2551 1259 2638 mensumdell

139 2687 231 2740 extre
251 2697 435 2762 pergyrum
456 2687 558 2743 totum
576 2688 826 2760 monumentum,
845 2677 906 2740 sed
923 2679 963 2742 eb
982 2681 1073 2744 intus
1094 2655 1257 2740 monwffl

138 2782 237 2844 habet
266 2783 315 2844 IX
332 2783 457 2864 palmos
478 2786 586 2867 paullo
614 2787 719 2849 minus
740 2785 775 2846 in
797 2784 1013 2868 longitudine,
1045 2780 1082 2848 et
1115 2773 1226 2844 totidem
1241 2763 1258 2820 5¹

138 2885 316 2954 latitudine.
357 2889 400 2952 Et
421 2907 441 2952 a
461 2892 645 2972 pavimento
663 2907 767 2974 usque
785 2889 826 2952 ad
847 2908 1006 2954 nummum
1027 2885 1164 2954 oonoovr'
1188 2877 1253 2936 wll*

140 2988 225 3052 dinis
257 2990 355 3052 habet
384 2994 447 3054 viri
476 3004 509 3058 et
542 2995 666 3060 dimidii
699 2994 912 3064 altitudinem.
960 2994 1171 3076 Sepulchrum
1186 2983 1256 3042 illm

138 3096 211 3158 sine
226 3095 336 3158 tumba
357 3103 563 3184 monumenti,
589 3109 748 3184 quaeest
775 3102 809 3162 in
828 3100 945 3162 dextre
974 3107 1067 3182 parte
1095 3077 1252 3165 daml1¹⁰l¹⁸⁸

137 3201 211 3266 albo
238 3208 273 3264 et
293 3201 392 3284 polite
415 3223 571 3269 marmore
591 3207 713 3270 vestita
732 3205 850 3270 tabula
865 3222 1042 3268 marmorea
1063 3207 1177 3286 operta,
1191 3195 1253 3263 Stiler

137 3325 233 3390 quum
255 3315 364 3402 potest
382 3308 537 3374 celebrari
557 3310 679 3392 liliam,
714 3311 813 3376 habet
845 3311 879 3372 in
907 3308 1078 3377 latitudine
1097 3303 1155 3374 1111
1170 3291 1251 3383 ΡΜ

138 3421 171 3474 et
191 3417 238 3479 111
260 3415 399 3496 digitos,
442 3423 568 3479 eterra
587 3433 666 3480 vero
699 3434 829 3479 sursum
861 3431 958 3480 mauu
989 3402 1191 3478 mensurandi
1213 3399 1253 3454 Μ

138 3514 263 3594 palmos
285 3525 317 3578 et
344 3528 480 3601 quatuor
508 3520 640 3604 digitos.
695 3519 853 3584 Ostiolum
883 3529 990 3584 autem
1022 3519 1198 3601 speluncae,
1216 3507 1248 3610 l⁸j¹

138 3617 224 3698 quod
245 3619 413 3702 ingressu·
435 3631 536 3706 patet,
557 3625 654 3687 habet
673 3625 708 3689 in
727 3623 899 3688 altitudine
918 3625 980 3687 llll
1000 3623 1125 3706 palmos
1149 3623 1177 3678 el
1192 3605 1251 3670 dint-

138 3719 236 3802 dium,
260 3730 294 3786 et
315 3727 362 3789 lll
384 3725 513 3810 digitos.
542 3730 658 3794 Murus
680 3737 786 3792 autem
808 3727 916 3792 eetioli
934 3727 1006 3791 eive
1027 3727 1163 3792 toramen
1177 3715 1246 3816 W

137 3825 234 3888 hebet
254 3827 288 3888 in
307 3830 415 3910 spisso
436 3838 505 3895 tres
525 3833 658 3914 palmes.
701 3834 804 3898 l’orre
824 3832 958 3898 altitudo
981 3832 1082 3899 totiue
1102 3813 1247 3896 morentii

139 3929 211 3994 sive
232 3928 441 3996 domunculae
451 3934 553 4011 (Μ
563 3938 616 4020 Δ)
639 3957 660 4000 a
679 3946 764 4001 terre
785 3955 913 4004 nuruum
936 3935 1173 4003 contestetur
1186 3917 1244 3988 W

138 4034 220 4100 duee
242 4034 368 4098 cubitos
389 4055 462 4098 cum
484 4041 612 4104 dimidio
637 4059 781 4123 mugnus.
824 4041 930 4124 Supra
960 4059 1138 4106 connexum
1155 4019 1242 4100 ,muli

140 4138 192 4198 nie
220 4143 273 4198 est
301 4133 503 4198 aedificatum
543 4140 785 4210 tabernaculum
815 4145 849 4208 iu
877 4162 937 4214 aex
970 4146 1108 4230 mgnton
1133 4132 1240 4208 inditio
