2768 4780
689 165 753 232 322

221 353 273 414 Ex
303 351 453 432 opposito
489 348 658 429 hospitalis
691 356 768 412 snttt
800 345 912 410 ruinae
952 349 1105 431 ingentes
1133 365 1308 428 murorum,

140 456 296 539 reliquiae
320 454 433 518 domus
455 451 654 517 dominorum
677 453 949 536 theutonicorum,
983 451 1071 535 apud
1092 467 1175 536 quos
1195 453 1308 535 hospi·

140 559 289 623 tabantur
328 557 403 622 oiim
435 557 641 622 honorabiles
680 559 844 641 peregrini
876 555 920 619 de
951 557 1154 620 Atemennia.
1210 557 1310 622 Juxta

141 663 276 728 eandem
297 663 426 728 domum
448 671 518 725 erat
539 663 604 725 alie
625 665 715 724 euris
735 679 864 745 magne,
879 663 912 724 in
934 680 1000 746 quo
1013 680 1144 725 monere
1163 661 1310 726 solebant

141 769 301 833 foeminae
321 768 529 852 peregrinae,
551 783 635 851 quae
655 766 737 829 viris
757 768 792 828 in
809 767 962 850 hospitali
983 784 1102 850 magno
1123 767 1310 832 eobabitare

139 873 270 938 minime
296 872 569 956 permittebantur.
614 871 708 934 Haeo
729 871 836 934 omnio
865 873 1009 954 peoeetis
1029 872 1152 938 nostris
1173 871 1310 955 exigen-

142 977 228 1054 tibus
249 979 283 1041 in
306 977 443 1042 eeervos
464 976 606 1059 lapidum
628 983 707 1040 sunt
726 975 867 1038 redacte.
999 1044 1002 1050 ,

223 1083 324 1146 Porro
347 1081 388 1145 ad
411 1081 496 1146 tatus
517 1082 627 1165 magni
642 1079 813 1163 hospitalis
830 1079 1184 1145 erexemntSarraoeni
1198 1081 1309 1146 turrim

140 1186 253 1270 altum,
286 1187 478 1270 pretiosam,
510 1185 611 1268 polito
635 1196 667 1249 et
689 1185 762 1248 albo
785 1201 944 1248 marmore
963 1193 1129 1270 emotum,
1160 1193 1193 1248 et
1215 1184 1311 1268 juxte

140 1291 252 1356 turrim
267 1291 481 1374 mosebeem,
502 1300 614 1355 oontre
639 1291 756 1354 faeiem
780 1289 891 1372 templi
911 1292 1018 1352 senati
1048 1291 1225 1374 sepulchri.
1268 1291 1311 1353 tn

65 1411 66 1418 ¹
139 1397 174 1460 in
194 1397 257 1460 hee
277 1405 365 1460 turre
386 1397 528 1460 clamant
549 1407 581 1460 et
602 1394 729 1459 ululant
749 1393 803 1457 die
825 1412 865 1458 ao
886 1405 983 1458 noete
1005 1395 1184 1460 seeundum
1205 1395 1310 1458 mele-

141 1499 246 1564 diotre
276 1518 358 1564 suae
386 1510 498 1565 seetae
524 1502 757 1565 institutiones.
808 1501 880 1584 bigo
916 1502 1043 1564 omnino
1077 1501 1191 1584 oredo,
1224 1502 1310 1564 bane

142 1605 326 1668 mosobeem
347 1623 422 1669 eum
445 1608 526 1669 turri
546 1607 580 1669 in
598 1607 786 1689 despectum
797 1603 1008 1687 (trucidari-et
1027 1604 1311 1688 inpraejudioium

144 1705 402 1772 Christianorum
430 1727 507 1774 esse
527 1711 740 1780 aedifioetam.
786 1711 888 1774 Juxta
920 1712 1105 1774 mosobeem
1136 1713 1197 1774 sub
1231 1714 1310 1774 turri

143 1821 280 1878 estune
312 1813 426 1880 subola
459 1832 647 1900 puerorum,
677 1817 711 1879 in
733 1834 797 1899 qua
826 1817 917 1900 pueri
945 1833 1143 1898 pagenomm
1166 1815 1207 1879 de
1236 1814 1311 1898 lege

141 1917 338 1982 Maobometi
370 1920 557 1984 imbuuntur
564 1967 574 2005 ,
606 1929 639 1984 et
660 1930 727 1985 toto
759 1920 814 1984 die
839 1921 976 1984 mtrebttt
1004 1921 1124 2003 ejulatu
1154 1922 1307 1986 otament.

142 2023 215 2106 Ego
237 2022 376 2106 quedem
398 2025 462 2088 elia
481 2027 575 2110 vioe,
594 2043 667 2090 oum
693 2025 784 2090 solus
811 2043 931 2090 oaussa
950 2028 1108 2090 orationis
1129 2027 1171 2090 de
1202 2036 1311 2090 monte

143 2125 237 2210 Syou
269 2130 306 2192 in
338 2131 454 2194 atrium
486 2131 597 2214 templi
630 2129 880 2215 descenderem,
918 2141 951 2194 et
981 2149 1100 2218 pueros
1132 2133 1312 2197 elementer

143 2231 305 2317 audirem,
327 2237 457 2299 eeoessi
477 2236 518 2301 ed
540 2237 658 2300 ostium
679 2237 812 2302 soboles
831 2245 867 2299 ot
886 2239 1079 2320 introspexi,
1099 2245 1132 2300 et
1153 2236 1314 2300 sedebant

142 2336 290 2402 ordinate
312 2340 346 2402 in
368 2347 471 2425 terra,
493 2349 526 2405 et
549 2341 662 2406 eadem
682 2343 784 2406 verba
804 2359 916 2406 omues
936 2343 1058 2424 pariter
1078 2343 1152 2406 eltis
1171 2343 1313 2405 vooibns

42 2520 46 2532 Ι
143 2445 373 2527 personabant,
390 2446 584 2510 inolinentes
609 2453 708 2530 oeput
728 2463 803 2510 eum
826 2447 932 2529 dorso,
953 2447 1166 2512 sieutJudaei
1188 2447 1315 2510 metunt

143 2549 241 2611 etiam
270 2551 306 2616 tn
333 2551 404 2613 suis
435 2551 642 2614 orationibus.
687 2551 820 2616 Totiens
852 2557 960 2616 autem
990 2553 1180 2638 repetebant
1210 2555 1316 2616 verbe

145 2649 276 2738 eedem,
298 2653 384 2738 quod
400 2653 473 2738 ipse
490 2653 592 2718 verba
612 2665 645 2720 ot
666 2664 773 2720 notem
796 2659 930 2740 retinui,
958 2673 1044 2740 quee
1064 2658 1114 2720 sio
1134 2656 1314 2721 serrabant:

144 3169 198 3230 Ha
208 3184 232 3250 y
242 3167 275 3232 la
294 3167 349 3230 Ha
359 3164 407 3250 tyt
417 3165 529 3232 lelaoh
543 3165 794 3252 HeyleHulyl
801 3166 914 3232 lalooh
925 3159 1052 3250 Hayla
1064 3166 1118 3235 Ha
1128 3164 1175 3248 lyl
1186 3164 1218 3228 ta
1227 3163 1316 3232 leob.

224 3395 285 3460 ttlr
305 3397 391 3460 enim
411 3406 490 3461 sunt
508 3412 590 3460 nera
610 3397 770 3480 principia
791 3404 824 3460 et
841 3395 1004 3479 professio
1024 3393 1104 3459 {idei
1124 3405 1235 3456 eotttm
1246 3435 1257 3474 ,
1281 3399 1319 3454 et

142 3517 183 3563 ee
204 3501 250 3562 in.
264 3500 422 3585 prinoipio
451 3503 560 3587 pueris
592 3501 721 3566 tradunt
753 3500 930 3584 studenda,
964 3508 998 3563 et
1023 3515 1063 3562 ee
1090 3497 1141 3560 ds
1167 3496 1319 3579 repetitis

140 3607 272 3670 vioibns
301 3606 513 3672 inculcentur.
554 3609 593 3670 ln
615 3607 755 3670 turribus
783 3606 880 3670 etism
914 3606 1102 3688 frequenter
1122 3619 1162 3664 en
1179 3600 1319 3684 proeiu-

144 3720 250 3795 mant,
271 3719 308 3774 ut
330 3714 451 3795 patebit
476 3713 532 3777 iob
554 3711 606 3776 ott.
630 3721 711 3795 part.
733 3713 774 3774 lt.
817 3711 893 3774 Alie
919 3711 1015 3774 etiem
1038 3709 1175 3789 hebent,
1197 3707 1320 3788 quibus

144 3816 235 3899 pueri
256 3819 472 3901 trmtmnntor,
493 3833 578 3902 quse
599 3819 695 3882 aliter
716 3825 844 3900 sonant,
867 3819 952 3881 sient
973 3830 1075 3898 saepe
1096 3811 1170 3895 (B)
1191 3811 1320 3880 audivi.

145 3918 215 3984 Sub
247 3919 303 3985 illa
331 3921 446 3986 sobole
477 3923 563 3986 intre
591 3924 776 3988 mosebeem
797 3931 831 3986 et
858 3921 970 4004 templi
1001 3919 1117 3982 atrium
1145 3924 1222 3980 sont
1242 3916 1320 3981 ¹duo

144 4041 294 4090 demeres
316 4027 474 4111 civitatis,
495 4029 666 4113 inquibus
686 4028 894 4094 metabuntur
914 4025 1159 4106 maieibotores,
1181 4029 1216 4086 et
1236 4030 1322 4086 sumt

146 4146 268 4213 parvae
289 4129 518 4216 domnneulee,
540 4135 634 4220 qnasi
654 4135 788 4218 eliberi,
810 4142 844 4197 et
858 4137 952 4196 stent
973 4131 1009 4194 in
1029 4145 1184 4212 magnum
1207 4129 1322 4212 impe.-

147 4233 326 4300 dimentum
347 4247 380 4302 et
394 4244 551 4308 terrorem
570 4241 820 4325 peregrinorum.
843 4235 1046 4322 Seepeenim
1069 4235 1147 4302 mihi
1167 4235 1321 4318 eontigit,
