2792 4778
629 181 693 248 nto

83 361 203 426 videre.
232 363 277 426 nt
296 365 344 426 ita
364 362 483 438 milites
499 361 702 444 ,festinabant
723 364 768 430 ad
791 366 950 452 hospitale
970 363 1005 428 S.
1027 362 1187 431 dobsrrnis
1209 363 1250 428 ed

83 469 276 550 capiendum
307 469 434 551 cibum,
465 487 527 532 uos
550 487 630 532 vero
661 471 805 555 religiosi
835 472 1026 536 intravimus
1049 471 1249 536 Conventnm

85 575 218 638 fratrum
235 583 373 641 'eoscum
395 569 451 675 eis,
466 573 580 637 reiecti
601 592 722 638 sumus.
798 590 805 608 ·

82 805 142 884 De
166 807 374 907 visitatione
398 808 560 884 iocorum
582 811 650 888 sub
676 822 797 888 monte
830 809 957 913 Syon,
998 818 1037 888 et
1060 811 1173 914 primo
1200 813 1249 890 de

341 929 444 1006 fonte
465 930 799 1031 MariaeVirginis
822 932 963 1025 beatae.
988 1002 993 1011 ,
1055 995 1059 1003 .

164 1105 271 1172 Finito
291 1111 427 1194 prandio
448 1098 669 1176 convenerunt
699 1114 878 1198 pepegrini,
914 1113 969 1196 qui
998 1114 1121 1181 robusti
1147 1114 1249 1197 erant,

73 1213 122 1284 ,ad
146 1215 282 1278 ulterius
303 1218 574 1300 peregrinandum
593 1197 639 1282 ¹et
669 1206 714 1282 ad
733 1219 952 1284 laborandum.
975 1217 1056 1282 'list
1076 1222 1161 1282 enim
1183 1237 1249 1281 non

80 1337 203 1400 parvus
225 1320 330 1404 labor,
352 1325 404 1384 sic
424 1321 465 1384 de
487 1320 559 1385 icon
581 1316 622 1385 ad
643 1323 748 1387 locum
777 1325 994 1409 peregrinari,
1025 1332 1061 1388 ut
1082 1333 1171 1407 patet
1193 1324 1249 1394 sol.

78 1425 131 1486 96.
154 1424 192 1487 B.
236 1427 449 1510 congregatis
478 1447 555 1512 ergo
584 1432 677 1494 nobis
704 1431 933 1494 descendimus
944 1419 996 1492 ‘de
1027 1438 1139 1506 monte¹
1158 1427 1250 1512 Syon

14 1557 15 1566 ι
80 1529 114 1590 ιιι
137 1530 316 1611 aquilonari
335 1542 427 1616 parte
442 1537 559 1596 montis
581 1553 639 1616 per
652 1539 737 1622 viam
760 1537 902 1620 longam,
918 1537 1060 1619 etaiam,
1079 1552 1250 1617 perquam

14 1643 15 1684 ἲ
79 1635 171 1716 prius
203 1636 470 1722 ascenderamus,
500 1639 540 1703 ad
563 1631 710 1704 dextram
742 1643 943 1725 reliquimus.
960 1617 982 1649 ⁴¹
994 1641 1094 1704 Porro
1125 1639 1158 1702 in
1177 1640 1249 1722 ipso

14 1767 15 1780 ι
78 1739 201 1802 montis
219 1737 310 1824 Syon
332 1742 419 1807 clivo
446 1746 595 1808 venimus
631 1746 673 1808 ad
704 1765 840 1828 specum
870 1746 1048 1831 quandam,
1085 1744 1126 1808 ad
1152 1763 1250 1808 unam

14 1859 15 1898 t
78 1850 187 1906 terrae
207 1849 394 1929 voraginem
417 1859 600 1933 patentem,
634 1871 694 1933 per
719 1853 813 1933 cujus
837 1867 874 1914 os
896 1853 1038 1934 ingressi
1063 1853 1100 1912 in
1121 1851 1251 1912 viscera

14 1967 15 1970 ¹
78 1959 186 2011 terrae
205 1949 432 2015 descendimus
453 1955 524 2039 sirie
545 1954 700 2035 gradibus
722 1957 756 2018 in
781 1973 898 2036 arena,
921 1962 953 2016 et
974 1955 1051 2037 quia
1071 1953 1252 2016 delumine

14 2083 15 2094 ι
78 2055 161 2118 sciis
189 2059 375 2120 umbrosum
406 2059 511 2120 iocum
546 2059 755 2141 intravimus,
780 2059 873 2122 'nibil
904 2058 959 2122 vel
991 2077 1105 2142 parum
1136 2057 1251 2120 videro

14 2175 15 2192 ¹
78 2168 286 2244 poteramus,
319 2181 393 2227 nam
432 2163 595 2232 oculorum
626 2163 809 2226 istiusmodi
844 2171 961 2226 datura
998 2171 1068 2246 est,
1105 2171 1142 2225 ut
1175 2169 1250 2244 post

79 2266 184 2328 sotem
203 2267 333 2331 umbras
353 2270 546 2332 intrantibus
569 2285 669 2332 coeca
690 2270 799 2334 omnia
826 2268 1007 2332 videantur.
1036 2267 1136 2330 Porro
1157 2269 1251 2330 rubis

80 2371 354 2436 descendentibus
376 2369 482 2454 (150
500 2372 554 2455 Δ)
575 2374 609 2435 ιιι
630 2383 779 2458 specum,
809 2371 958 2438 ascendit
989 2356 1187 2436 contrarios
1209 2369 1251 2434 de

79 2477 242 2560 profundo
265 2477 376 2562 rapido
398 2491 495 2540 eursu
516 2478 645 2560 quidam
656 2478 858 2543 Satracenus
880 2494 1013 2562 saevus,
1027 2490 1100 2541 cum
1123 2477 1251 2558 magnis

77 2562 274 2647 clamoribus
292 2583 521 2646 stomachando
540 2583 735 2667 mirabiliter,
754 2585 834 2650 iram
856 2585 954 2646 animi
969 2583 1020 2646 sni
1038 2601 1133 2667 voce,
1146 2581 1252 2666 vultu,

77 2695 113 2752 et
134 2688 275 2752 brachiis
296 2695 480 2770 ostentans,
503 2695 535 2750 et
557 2687 714 2771 repellere
733 2707 794 2752 nos
815 2688 859 2750 de
879 2702 983 2772 specu
1006 2688 1188 2773 nitebatm,
1210 2687 1253 2751 u'e

77 2793 121 2856 ad
143 2811 246 2876 aquas
268 2792 548 2856 descenderemus.
592 2793 660 2856 Sed
682 2795 758 2878 qnia
787 2795 862 2875 ipso
898 2791 992 2856 solus
1024 2794 1104 2878 init,
1127 2802 1161 2857 st
1192 2811 1253 2857 nos

77 2897 187 2980 multi,
216 2915 280 2960 non
301 2915 373 2960 euos
402 2900 606 2981 curavimus,
639 2897 698 2961 sed
721 2901 880 2961 continue
917 2897 1161 2981 descendimus,
1182 2901 1254 2982 ipse

79 3021 159 3065 vero
180 3001 391 3084 ingeminavit
422 3003 596 3086 clamores,
631 3011 665 3065 et
688 3006 776 3066 acuit
809 3020 890 3067 suae
923 3006 1110 3070 iracundiae
1136 3021 1253 3088 mores,

80 3113 114 3169 et
136 3109 165 3169 si
187 3108 357 3171 habuisset
377 3108 484 3172 saltim
507 3107 666 3190 baculum,
691 3114 882 3197 nonom'nes¹
904 3110 1081 3193 erogasset.
1130 3109 1254 3196 videns

81 3220 191 3276 autem
213 3213 414 3278 Sarracenos
435 3214 505 3298 ille,
540 3212 626 3297 quod
648 3231 720 3277 eum
753 3231 818 3276 non
851 3219 1061 3298 curavimus,
1096 3219 1195 3279 vertit
1213 3207 1255 3279 'se

80 3317 190 3403 ocius,
212 3329 246 3382 ct
269 3337 382 3383 omnes
405 3317 641 3384 descendentes
673 3320 869 3402 praecurrit,
906 3329 940 3382 et
960 3322 1049 3404 prior
1074 3319 1116 3382 ad
1152 3325 1254 3403 aquas

82 3425 189 3508 venit,
213 3433 246 3486 et
267 3423 376 3507 posuit
397 3441 435 3488 se
457 3441 556 3508 super
583 3427 760 3510 marginem
790 3424 898 3506 fontis,
922 3432 954 3488 et
981 3425 1084 3488 modis
1107 3427 1255 3489 omnibus

81 3547 199 3612 aquam
225 3529 354 3592 haurire
371 3529 555 3593 volentibus
567 3531 750 3612 resistebat,
773 3527 976 3595 antecedere
988 3530 1255 3594 volentesretru-

83 3632 191 3716 debet,
214 3635 459 3720 repercutiebat,
482 3643 514 3697 et
531 3637 724 3700 retrahebat.
773 3630 914 3712 Quidam
926 3643 1032 3698 autem
1048 3635 1141 3698 miles
1152 3636 1255 3700 hem-

79 3737 201 3801 bardns
223 3737 263 3799 de
276 3737 462 3802 Mediolano
482 3743 674 3825 peregrinus
697 3743 842 3805 accessit
866 3739 1019 3804 audacter
1039 3739 1082 3806 ad
1098 3739 1256 3804 Sarrace-

79 3861 157 3904 num
169 3888 179 3924 ‚
211 3859 271 3924 per
304 3843 467 3905 brachium
500 3849 651 3931 arripuit,
680 3856 714 3910 et
746 3865 767 3910 a
798 3847 890 3910 fonte
926 3842 1047 3910 avuisit
1084 3847 1253 3911 violenter.

80 3947 280 4010 Sarracenos
301 3955 408 4010 autem
430 3967 472 4010 ex
493 3951 608 4014 hocin
631 3956 679 4014 ire
701 3969 862 4016 accensus
877 3957 991 4016 contra
1006 3950 1143 4015 'militem
1164 3953 1255 4016 iilum

83 4053 268 4135 insurrexit,
290 4071 429 4138 eumque
446 4057 569 4140 pugnis
590 4067 763 4139 percutere
785 4059 902 4142 coepit,
925 4067 958 4120 et
976 4057 1101 4120 milese
1122 4068 1255 4122 contre-

83 4159 132 4218 rio
154 4159 274 4241 pugnis
292 4173 330 4220 se
352 4159 509 4243 defendit,
536 4163 755 4245 repercutiens
778 4181 869 4244 eum,¹
887 4163 961 4245 quio
982 4172 1096 4226 neuter
1116 4163 1255 4227 babebat

82 4278 182 4344 arma,
204 4269 238 4324 et
259 4269 351 4327 tanta
368 4264 542 4330 ¹iracundia
560 4265 596 4330 in
618 4285 656 4330 se
679 4260 893 4364 exarserunt,⁴
907 4267 992 4352 quod
1006 4269 1073 4364 nisi
1093 4270 1254 4356 peregrini
