2644 4786
150 303 258 368 cais
278 301 440 386 persam,
462 297 549 382 quoa
569 297 603 362 iu
624 297 676 390 tis
697 299 914 362 sanctissimis
935 297 1018 362 rosis
1039 297 1171 360 immicus
1185 297 1240 375 sm

151 415 255 496 tentet
276 416 310 469 et
329 403 500 469 insidietur
520 405 669 466 meantis.
691 401 828 466 Caelum
846 422 1045 486 empyreum,
1062 402 1144 478 locus
1163 399 1266 462 omui*

149 512 290 575 iocorum
313 499 660 591 sublimissimus‚'uon
678 505 765 588 juvit
785 505 971 589 lucilerum,
991 505 1154 590 paradisus
1168 503 1268 566 nobie*

149 617 252 679 simus
282 633 348 678 uon
381 615 501 699 primos
537 617 690 694 parentes
728 611 923 694 custodivit,
960 611 1164 698 matraculam
1171 649 1182 686 ‚
1201 608 1254 669 bun

148 719 385 808 sanctissimus,
406 718 562 780 'l'bomam
582 717 623 780 ab
650 713 840 779 infidelitate
857 735 923 780 nou
943 705 1101 780 servavit.
1132 713 1194 776 ldeo
1208 711 1255 772 ror's

149 825 291 888 bituria
311 819 393 885 Cau.
421 822 509 889 illa:
550 838 615 884 non
637 819 709 882 loca
738 825 796 884 aut
822 819 958 899 ,ordines
989 820 1129 906 meatori
1154 834 1259 897 asapia

151 929 258 992 ximus
280 927 422 1008 faciunt,
443 924 503 988 sed
525 943 585 988 nos
599 934 662 1008 ¹aut
683 928 797 988 merita
818 926 905 990 boue
926 925 1139 1008 conjungunt,
1156 929 1201 984 aut
1216 918 1262 978 aab

151 1033 363 1116 distinguunt.
407 1029 491 1093 Cum
514 1030 600 1114 euim
621 1029 741 1095 domini
773 1031 937 1114 peregrini
957 1048 1032 1094 cum
1055 1030 1156 1092 tribum
1181 1023 1264 1104 regila

150 1156 284 1201 munera
304 1139 366 1200 sua
387 1118 435 1198 ad
449 1135 554 1197 locum
576 1135 755 1201 nativitatis
776 1131 940 1218 offerrent,
957 1133 1058 1218 aliqui
1080 1150 1195 1210 aurum,
1209 1127 1267 1206 aliqu

149 1251 328 1326 argentum,
351 1241 450 1323 aliqui
471 1239 608 1302 annulos
629 1257 756 1324 aureos,
774 1239 872 1322 aliqui
894 1255 1012 1321 ceram,
1027 1237 1171 1302 accessit
1187 1231 1282 1318 quita}

150 1347 244 1410 miles
267 1356 299 1409 et
316 1332 465 1422 ducatum
485 1362 585 1426 snpra
597 1343 737 1427 lapidem
760 1344 905 1426 projecit,
922 1345 1012 1406 sicut
1025 1320 1113 1404 *ante
1126 1357 1192 1402 eum
1204 1336 1282 1418 plm

150 1449 307 1519 iecerunt.
318 1449 558 1514 Huncmilitem
576 1452 773 1531 sequebatur
790 1447 921 1532 quidam
939 1449 1135 1531 peregrinus
1149 1438 1269 1506 orimus

151 1555 322 1637 procidens
351 1552 393 1617 ad
409 1554 473 1616 loci
491 1551 781 1635 deosculationem,
803 1555 838 1614 in
858 1553 933 1637 ipsa
952 1560 1063 1616 autem
1084 1544 1270 1612 dsosmtuim

151 1668 245 1723 caute
255 1659 417 1741 sacrilega
426 1674 524 1720 manu
534 1666 668 1721 extensa
678 1657 759 1722 dnos
767 1657 1013 1741 propinquiores
1023 1657 1087 1718 sibi
1097 1645 1282 1736 dumont-q

152 1764 259 1846 traxit,
275 1771 310 1826 et
331 1780 472 1845 surgens
494 1763 571 1826 abiit
599 1771 632 1826 et
653 1780 692 1826 se
713 1764 747 1824 in
770 1762 1013 1845 peregrinorum
1035 1775 1157 1842 agmen
1174 1749 1271 1834 ingredi

155 1867 309 1932 0iurem
332 1866 542 1961 ety'latrouem
575 1843 665 1934 inille
698 1866 850 1960 patibulis
876 1863 1160 1948 suspendendum!
1190 1857 1270 1932 (intr

155 1983 258 2038 torem
278 1974 312 2035 in
334 1970 422 2034 mille
453 1970 557 2052 frusta
590 1969 835 2053 discerpendum
877 1977 911 2032 et
925 1970 1010 2033 rotis
1032 1970 1143 2052 igneis
1168 1966 1272 2027 intexti·

155 2059 249 2140 dumi
269 2075 298 2139 0
320 2074 514 2161 sacrilegum
536 2075 666 2158 ignibus
687 2093 792 2158 usque
822 2073 863 2137 ad
885 2075 1013 2138 cineres
1033 2062 1270 2138 concremantur!

155 2181 184 2245 0
205 2181 416 2264 spoliatorem
438 2181 546 2260 capite
567 2179 776 2264 privandum,
807 2187 839 2241 et
859 2180 893 2241 in
913 2176 1115 2262 profundum.
1140 2171 1227 2239 mnis
1240 2167 1272 2226 i*

155 2283 380 2368 mergendum!
420 2280 550 2360 Quanta
570 2285 734 2367 impietas!
768 2290 891 2367 quauta
910 2271 1086 2347 erudelitas
1112 2290 1147 2345 te
1166 2267 1271 2360 agitant!

156 2397 276 2471 quanta
301 2385 475 2450 infidelitas
497 2395 530 2449 te
561 2389 768 2466 excoecavit!
781 2370 837 2460 ,ut
857 2389 892 2451 in
918 2389 989 2452 loco
1011 2393 1080 2450 mm
1104 2379 1270 2450 sensuum

155 2493 211 2554 ubi
229 2491 434 2555 Christianus
455 2492 651 2561 mentalibus
669 2489 773 2557 oculis
795 2493 884 2556 videt
900 2491 1129 2576 pauperculam
1139 2484 1272 2568 virgum

157 2605 306 2679 egentem
328 2595 530 2678 infantulum,
551 2596 678 2679 Josepb
698 2596 934 2679 sollicitantem,
955 2616 1014 2681 pro
1036 2598 1182 2678 utrisque
1200 2591 1272 2653 imo

157 2687 382 2762 committeres.
426 2700 543 2782 Porro,
576 2702 605 2762 si
627 2710 662 2762 tu
682 2701 764 2764 haec
785 2717 849 2764 uon
879 2700 984 2764 credis
1015 2719 1078 2762 uec
1108 2700 1225 2774 oerum,
1247 2703 1274 2747 ll

158 2812 191 2866 te
213 2805 247 2865 in
267 2802 338 2868 ioco
359 2800 563 2886 prosternis?
586 2803 654 2868 Cur
667 2807 919 2888 crucissignum
938 2800 1052 2888 geris?
1073 2805 1116 2866 iit
1136 2809 1273 2888 qualest

158 2909 251 2970 ritate
272 2907 335 2969 buc
361 2907 518 2971 accedere
539 2909 745 2991 praesumisl
777 2909 816 2972 Si
834 2918 941 2972 autem
968 2909 1093 2991 credis,
1132 2915 1168 2972 et
1186 2915 1282 2990 pacm

157 3011 198 3072 ob
220 3010 271 3070 sui
292 3019 470 3076 assumtam
500 3013 667 3077 infantiam
689 3033 754 3077 non
780 3015 915 3077 timuisti
942 3013 1103 3096 spoliare,
1138 3027 1230 3096 quara
1243 3001 1282 3090 itti

157 3111 364 3177 dulcissimae
384 3120 496 3182 matris
518 3121 676 3188 reveritus
698 3137 735 3182 es
756 3117 884 3202 oculos,
905 3135 992 3201 quae
1009 3099 1110 3200 puero
1134 3113 1248 3188 assidet,
1260 3117 1282 3164 a

158 3217 404 3302 diligentissime
424 3224 569 3285 intuetur
590 3240 644 3305 ea,
672 3241 757 3308 quae
777 3224 863 3286 eirca
885 3221 1077 3288 infantulum
1097 3239 1194 3298 suum
1213 3229 1282 3298 agit

158 3322 233 3388 tur'i
268 3323 320 3385 An
353 3323 426 3388 ideo
458 3325 589 3408 putandi
620 3335 697 3390 sunt
729 3343 794 3392 non
822 3326 953 3408 videre,
986 3326 1062 3408 quia
1090 3323 1282 3388 videritne

157 3431 330 3511 patientius
353 3437 471 3510 quanto
491 3429 695 3511 sapientius?
728 3431 770 3492 ut
804 3431 833 3493 si
863 3444 924 3492 neo
946 3447 1081 3514 puemm
1102 3449 1166 3494 uec
1186 3435 1282 3492 mittut

156 3536 278 3600 curasti
298 3542 428 3618 propter
448 3550 555 3596 eorum
569 3534 759 3609 immensam
780 3535 1105 3617 benignitatemque
1125 3553 1190 3599 nou
1209 3527 1282 3594 subd

157 3637 332 3717 procedunt
354 3638 395 3701 ad
415 3638 540 3720 peccati
563 3640 769 3721 punitionem,
791 3639 850 3702 sed
872 3638 1097 3721 longanimiter
1118 3638 1274 3720 exspectnt·

156 3738 314 3804 debueras
344 3749 433 3805 certe
460 3741 606 3821 timuisse
635 3743 741 3825 ipsum
769 3752 926 3816 maturum
959 3750 992 3804 et
1023 3743 1183 3806 seriosum
1211 3741 1275 3804 vina

155 3842 296 3924 Josepb,
318 3841 420 3922 (116
430 3842 484 3925 Δ)
510 3827 564 3907 cui
585 3845 749 3909 amborum
778 3865 856 3909 cura
876 3846 1048 3926 incumbit,
1082 3848 1139 3928 qui
1166 3853 1282 3924 uirmqn

153 3944 226 4002 sine
244 3943 405 4004 oculorum
427 3945 598 4006 aversione
621 3945 777 4028 respicit?
799 3950 916 4033 Porro,
935 3951 967 4024 si
987 3950 1071 4032 baec
1090 3949 1274 4014 abivimus

156 4055 251 4118 vane,
273 4047 305 4099 et
326 4059 387 4099 iaec
407 4059 550 4121 puerum,
573 4062 634 4106 nec
656 4058 798 4133 matrem,
821 4070 883 4116 nec
902 4053 1025 4134 Joseph
1046 4049 1164 4119 adesso
1183 4051 1282 4118 braii

158 4149 214 4191 eur
245 4144 277 4194 te
306 4153 370 4195 nom
401 4141 535 4214 retraxit
567 4158 586 4201 a
617 4149 790 4232 sacrilegio
821 4152 1030 4220 dulcissimus
1059 4153 1140 4236 odor
1171 4156 1272 4242 delon
