2784 4772
693 113 755 182 m

139 299 394 384 investigatores
415 296 781 380 esseuhetmirreulum
796 297 962 365 videreris
986 311 1152 384 superent,
1165 303 1241 386 quia
1254 321 1316 366 uoo

141 407 175 470 in
195 402 378 468 Jerusalem
399 403 433 468 in
454 403 662 468 sanetissirnt
683 403 1009 494 sepulolrra'llomini
1040 406 1145 476 visuri
1165 425 1315 470 essemus

142 509 339 593 miramhrm,
360 516 482 592 quanto
503 510 609 572 minus
633 510 687 574 hio
708 525 878 592 quaerere
870 511 1089 580 dabam.
1112 515 1186 576 Hoc
1207 520 1316 576 antem

140 614 214 682 ideo
234 613 318 696 dixi,
349 615 423 696 quia
445 615 527 678 satis
549 633 620 678 rara
643 621 679 677 et
702 615 828 679 insolita
861 617 916 681 de'
920 617 982 680 illa
999 631 1101 682 erues
1119 617 1314 702 erudivimus,

140 735 226 803 quae
246 718 290 782 ibi
311 717 509 784 viderentur.
531 720 657 804 Aeeepi
678 739 757 804 ergo
777 697 853 804 post
868 723 950 786 hasa
963 725 1132 818 aneensem
1147 722 1315 785 earrdelam

138 821 182 886 ad
203 841 334 907 manus,
366 829 401 886 et
425 824 565 888 transivi
593 827 633 888 ad
665 826 781 901 loenm
787 829 924 912 eurem,
956 835 1010 898 at
1018 830 1239 937 sequebantur
1261 845 1315 889 me

140 928 258 992 iratres
287 929 351 995 mei
381 931 560 1013 peregrini:
594 937 629 994 ot
660 909 847 1014 capellanus
875 874 1098 1018 comitabatur
1121 950 1183 996 rna
1224 933 1315 994 Dum

140 1039 248 1097 antem
273 1030 330 1095 ad
339 1033 446 1098 lenum
473 1031 702 1120 venissemus,
729 1037 886 1121 patefacio
907 1037 1094 1124 capellanus
1121 1038 1245 1120 lorum,
1268 1037 1317 1098 ita

139 1136 228 1223 quod
260 1154 390 1202 oruoem
416 1148 562 1204 sancum
591 1142 627 1204 in
655 1145 833 1225 prosperitn
860 1161 974 1224 eorarn¹
993 1135 1101 1213 ‘oeulis
1132 1143 1315 1208 habuimus.

139 1245 212 1326 ligo
235 1262 313 1328 ergo
341 1244 465 1329 primus
487 1246 614 1309 uaeassi
636 1253 670 1309 et
684 1265 829 1334 ,eruoem
851 1227 1061 1328 deoseulatus
1082 1249 1149 1332 iui,
1180 1265 1319 1339 eamque

140 1349 330 1432 diligentius
360 1359 434 1413 aute
455 1358 490 1414 et
517 1359 603 1416 retro
630 1355 795 1435 perspexi.
837 1352 966 1420 Deinde
995 1362 1204 1438 aeoesseruut
1234 1351 1319 1414 seoii

140 1457 222 1538 mei,
243 1471 314 1518 eam
341 1455 552 1540 honorantes,
582 1464 617 1521 et
651 1456 824 1540 diligenter
850 1459 1094 1522 considerantes
1125 1471 1222 1522 unias,
1239 1462 1318 1538 post

140 1561 248 1629 alitam.
289 1562 353 1623 Est
387 1554 496 1624 autem
519 1579 600 1624 crux
626 1564 708 1623 satis
737 1569 872 1647 magna,
899 1567 950 1630 ab·
960 1567 1132 1629 anteriore
1147 1569 1241 1647 parte
1262 1580 1318 1622 ar-

140 1667 270 1750 genteis
305 1665 432 1732 laminis
462 1665 634 1731 deauratis
652 1668 797 1779 obtecta,
823 1667 915 1730 sed
904 1687 938 1730 ru
957 1675 1054 1750 parte
1074 1681 1159 1753 quae
1183 1666 1320 1748 respicit

140 1789 278 1852 murum,
297 1769 383 1832 uude
405 1776 472 1854 est,
504 1769 546 1833 de
565 1771 716 1853 pulohro
722 1779 757 1836 et
787 1787 869 1838 sano
888 1754 995 1857 ligno,
1017 1773 1115 1836 aocet
1141 1779 1232 1835 esset
1254 1788 1319 1854 ey-

140 1893 285 1960 pressus.
333 1876 377 1937 Et
398 1875 522 1974 dieunt,
554 1875 642 1959 quod
671 1877 715 1938 sit
737 1889 817 1940 crux
840 1877 1004 1961 Dysmae,
1033 1871 1167 1944 inmuta
1197 1875 1316 1956 dextri,

141 1983 195 2046 oui
216 1981 376 2046 Dominus
396 1980 529 2044 Jesus
510 2000 554 2066 ιιι
575 1998 673 2044 euree
695 1983 845 2067 promisit
864 1981 1068 2066 paradysum
1087 1981 1184 2052 Nam
1204 1988 1318 2044 sanda

141 2086 312 2180 Helena,
297 2085 372 2149 dum
394 2095 465 2149 tres
485 2087 794 2150 invenisseteroees
815 2090 891 2162 sub
899 2085 1198 2167 ιιιοιιιοθιινιιιιο,
1219 2104 1317 2148 ιιιιιιιι

142 2209 285 2275 oruoem,
313 2191 442 2255 scilieet
465 2190 616 2276 Gesmae,
647 2193 772 2256 sinistri
798 2192 942 2278 latronis,
964 2192 1111 2275 abram
1133 2191 1319 2256 &eandam

142 2314 284 2381 erucem,
301 2296 458 2381 Dysmae,
480 2299 694 2361 sibiretinuit.
709 2299 850 2362 Tertiam
872 2317 951 2362 vero
962 2287 1086 2362 Ohnstr
1102 2312 1234 2360 oruoem
1254 2299 1319 2359 toti

147 2402 267 2468 mundo
299 2403 516 2468 honorandam
549 2403 703 2468 exhibuit.
753 2402 895 2468 Cruaem
951 2417 1030 2487 ergo
1061 2419 1152 2467 snam
1172 2402 1320 2485 Dysmae

142 2510 304 2592 integram
325 2509 360 2572 ιιι
381 2515 526 2573 montem
547 2510 635 2573 hune
657 2509 706 2598 de·
723 2509 905 2573 Jerusalem
932 2508 1091 2591 adduxit,
1113 2507 1148 2598 et
1168 2507 1221 2571 hio
1242 2525 1318 2570 mo-

143 2615 318 2678 nachorum
339 2616 578 2678 monasterium
604 2615 786 2678 eonstruxit
817 2631 985 2698 maguum,
1015 2596 1051 2677 et
1070 2613 1260 2696 eeclesiam,
1282 2613 1320 2676 in

144 2737 242 2803 quam
263 2735 393 2782 erucem
417 2720 500 2783 bane
520 2726 673 2810 iniquom
700 2717 975 2802 singularissimus
992 2721 1143 2804 reliquias
1160 2718 1319 2800 reposuit,

146 2833 180 2888 et
196 2824 290 2905 juxta
310 2824 410 2888 altare
435 2825 469 2886 ιιι
499 2827 591 2889 muro
623 2822 840 2886 habioautum
873 2825 947 2888 sive
979 2822 1219 2898 reservaeulum
1251 2821 1318 2884 sihi

14 2941 15 2944 ’
146 2929 292 2992 construi
324 2928 429 3006 lenita¹
444 2947 581 3013 eamque
601 2928 675 2992 illae
712 2929 831 3011 posuit.
873 2931 918 2992 Et
938 2930 983 2993 ibi
1016 2948 1122 3013 usque
1143 2917 1230 2989 nune
1251 2933 1320 2989 stat

147 3036 312 3115 irremota,
345 3037 495 3120 quamvis
522 3036 628 3117 ipsum
650 3035 880 3098 monasterinm
906 3033 1028 3098 dudum
1050 3035 1094 3098 sit
1112 3017 1172 3118 per'
1191 3033 1320 3095 'furens

148 3146 184 3204 et
203 3159 263 3224 per
296 3139 494 3204 Sarraoanos
525 3136 674 3203 funditus
706 3157 875 3224 eversum,
909 3149 944 3204 et
963 3140 1110 3204 monaehi
1136 3137 1259 3202 ordinis
1281 3136 1318 3199 S.

147 3246 336 3324 Benedicti,
368 3246 509 3310 oultores
545 3245 626 3328 looi,
657 3246 724 3307 sint
756 3243 903 3327 dispersi.
952 3245 1053 3309 Porro
1086 3244 1239 3308 mirabilis
1267 3251 1321 3305 est

142 3352 245 3436 hujus
265 3354 374 3420 eureis
395 3353 513 3437 positio
533 3353 608 3414 sive
628 3348 747 3414 loeatio
768 3349 802 3412 in
817 3349 899 3415 loeo.
921 3348 996 3414 Stat
1010 3347 1095 3422 enim
1110 3349 1143 3414 iu
1161 3348 1319 3430 fenestra,

146 3476 213 3522 non
234 3461 403 3542 perspieua
429 3460 501 3542 ipsa
522 3475 621 3542 erux;
643 3464 677 3518 et
696 3456 789 3519 ambo
808 3456 936 3521 brachia
954 3455 1027 3538 ejus
1048 3460 1127 3517 sunt
1148 3454 1319 3526 feramini-

149 3565 210 3626 bus
230 3564 265 3627 iu
286 3583 376 3627 muro
396 3563 492 3626 laetis
513 3562 668 3645 immissa,
684 3569 718 3624 et
732 3579 797 3644 pes
817 3563 925 3625 eruois
944 3560 1105 3623 foramini
1119 3558 1319 3623 fundamenti

147 3675 201 3730 est
232 3669 407 3732 immissos.
458 3666 545 3734 Sunt
569 3652 694 3752 ¹toara'n·
726 3667 881 3730 foramina
922 3667 1124 3732 braehlorum
1140 3671 1192 3726 *et
1222 3662 1318 3746 pedis

149 3787 274 3856 megara,
304 3776 348 3834 ita
367 3771 455 3857 quod
479 3791 545 3836 nou
565 3779 617 3836 est
646 3774 809 3856 proportio
835 3789 947 3836 eorum
978 3771 1018 3836 ad
1047 3770 1220 3854 foramina,
1255 3785 1319 3831 nee

147 3882 255 3938 tanen
276 3881 381 3962 tango
413 3899 556 3962 murum,
589 3875 653 3942 sed
680 3877 782 3940 libem
803 3884 838 3940 et
853 3878 964 3941 seluto
984 3883 1039 3940 est
1058 3878 1098 3939 nb
1120 3876 1207 3939 omni
1229 3881 1321 3958 parte

147 3977 336 4046 aeontsetu
359 3985 457 4066 murl3
489 3989 525 4046 et
544 3983 608 4048 heo
629 3991 681 4047 est
701 3984 846 4048 mirabile
877 3983 1029 4048 lanatum
1053 3980 1096 4045 de
1119 3982 1181 4045 hae
1210 3996 1320 4062 «aree,

145 4085 233 4172 quod
263 4088 335 4152 siue
365 4089 552 4154 iuloimento
584 4087 724 4173 pendeat
744 4091 779 4151 lu
807 4091 897 4172 aire,
928 4097 963 4151 at
992 4105 1068 4152 eum
1091 4088 1156 4152 hoo
1186 4092 1252 4148 stat
1274 4087 1320 4147 ita

145 4190 289 4278 firmiter,
307 4211 345 4260 ae
365 4197 396 4260 sl
415 4194 743 4262 solitisaiuiset‘avis
756 4193 1033 4280 oneratorum}
1050 4211 1141 4259 muro
1161 4207 1321 4276 eonuexr,
