<?xml version="1.0" encoding="UTF-8"?>
<!DOCTYPE html PUBLIC "-//W3C//DTD XHTML 1.0 Transitional//EN"
    "http://www.w3.org/TR/xhtml1/DTD/xhtml1-transitional.dtd">
<html xmlns="http://www.w3.org/1999/xhtml" xml:lang="en" lang="en">
 <head>
  <title>
</title>
<meta http-equiv="Content-Type" content="text/html;charset=utf-8" />
  <meta name='ocr-system' content='tesseract 3.04.00' />
  <meta name='ocr-capabilities' content='ocr_page ocr_carea ocr_par ocr_line ocrx_word'/>
</head>
<body>
  <div class='ocr_page' id='page_1' title='image "./fratrisfelicisf01fabrgoog_0182.png"; bbox 0 0 2640 4792; ppageno 0'>
   <div class='ocr_carea' id='block_1_1' title="bbox 592 253 656 320">
    <p class='ocr_par' dir='ltr' id='par_1_1' title="bbox 592 253 656 320">
     <span class='ocr_line' id='line_1_1' title="bbox 592 253 656 320; baseline -0.031 0"><span class='ocrx_word' id='word_1_1' title='bbox 592 253 656 320; x_wconf 77' lang='lat' dir='ltr'>tob</span> 
     </span>
    </p>
   </div>
   <div class='ocr_carea' id='block_1_2' title="bbox 1 435 1204 4408">
    <p class='ocr_par' dir='ltr' id='par_1_2' title="bbox 1 435 1204 4408">
     <span class='ocr_line' id='line_1_2' title="bbox 8 435 1200 524; baseline -0.003 -23.936"><span class='ocrx_word' id='word_1_2' title='bbox 8 439 170 524; x_wconf 80' lang='lat' dir='ltr'>&#39;piins</span> <span class='ocrx_word' id='word_1_3' title='bbox 186 439 301 502; x_wconf 86' lang='lat' dir='ltr'>venire</span> <span class='ocrx_word' id='word_1_4' title='bbox 320 451 385 499; x_wconf 93' lang='lat' dir='ltr'>non</span> <span class='ocrx_word' id='word_1_5' title='bbox 404 435 536 501; x_wconf 88' lang='lat' dir='ltr'>audent.</span> <span class='ocrx_word' id='word_1_6' title='bbox 559 435 685 500; x_wconf 78' lang='lat' dir='ltr'>Contra</span> <span class='ocrx_word' id='word_1_7' title='bbox 701 435 790 498; x_wconf 85' lang='lat' dir='ltr'>illam</span> <span class='ocrx_word' id='word_1_8' title='bbox 811 437 950 500; x_wconf 79' lang='lat' dir='ltr'>insulam</span> <span class='ocrx_word' id='word_1_9' title='bbox 967 435 1200 520; x_wconf 84' lang='lat' dir='ltr'>processimus,</span> 
     </span>
     <span class='ocr_line' id='line_1_3' title="bbox 20 541 1201 627; baseline 0 -19"><span class='ocrx_word' id='word_1_10' title='bbox 20 554 93 608; x_wconf 81' lang='lat' dir='ltr'>&#39;n</span> <span class='ocrx_word' id='word_1_11' title='bbox 121 552 246 627; x_wconf 86' lang='lat' dir='ltr'>tamen,</span> <span class='ocrx_word' id='word_1_12' title='bbox 260 542 335 608; x_wconf 89' lang='lat' dir='ltr'>dnm</span> <span class='ocrx_word' id='word_1_13' title='bbox 350 560 453 624; x_wconf 90' lang='lat' dir='ltr'>prope</span> <span class='ocrx_word' id='word_1_14' title='bbox 469 557 628 626; x_wconf 77' lang='lat' dir='ltr'>esserum,</span> <span class='ocrx_word' id='word_1_15' title='bbox 647 541 689 605; x_wconf 89' lang='lat' dir='ltr'>ad</span> <span class='ocrx_word' id='word_1_16' title='bbox 703 541 869 606; x_wconf 83' lang='lat' dir='ltr'>sinistram</span> <span class='ocrx_word' id='word_1_17' title='bbox 887 541 1079 608; x_wconf 80' lang='lat' dir='ltr'>dimisimus</span> <span class='ocrx_word' id='word_1_18' title='bbox 1100 541 1201 608; x_wconf 79' lang='lat' dir='ltr'>Porro</span> 
     </span>
     <span class='ocr_line' id='line_1_4' title="bbox 28 648 1202 750; baseline 0 -38"><span class='ocrx_word' id='word_1_19' title='bbox 28 671 103 712; x_wconf 92' lang='lat' dir='ltr'>m</span> <span class='ocrx_word' id='word_1_20' title='bbox 117 648 191 750; x_wconf 84' lang='lat' dir='ltr'>jam</span> <span class='ocrx_word' id='word_1_21' title='bbox 213 663 278 712; x_wconf 85' lang='lat' dir='ltr'>nox</span> <span class='ocrx_word' id='word_1_22' title='bbox 298 652 400 730; x_wconf 89' lang='lat' dir='ltr'>esset,</span> <span class='ocrx_word' id='word_1_23' title='bbox 416 649 564 722; x_wconf 70' lang='lat' dir='ltr'>oessavit</span> <span class='ocrx_word' id='word_1_24' title='bbox 583 655 697 714; x_wconf 81' lang='lat' dir='ltr'>noster</span> <span class='ocrx_word' id='word_1_25' title='bbox 709 651 814 713; x_wconf 87' lang='lat' dir='ltr'>bonus</span> <span class='ocrx_word' id='word_1_26' title='bbox 830 655 951 712; x_wconf 85' lang='lat' dir='ltr'>ventus</span> <span class='ocrx_word' id='word_1_27' title='bbox 971 657 1007 714; x_wconf 87' lang='lat' dir='ltr'>et</span> <span class='ocrx_word' id='word_1_28' title='bbox 1026 650 1083 714; x_wconf 85' lang='lat' dir='ltr'>ilia</span> <span class='ocrx_word' id='word_1_29' title='bbox 1102 655 1202 712; x_wconf 83' lang='lat' dir='ltr'>noete</span> 
     </span>
     <span class='ocr_line' id='line_1_5' title="bbox 7 749 577 821; baseline -0.005 -2.874"><span class='ocrx_word' id='word_1_30' title='bbox 7 771 143 818; x_wconf 85' lang='lat' dir='ltr'>rum</span> <span class='ocrx_word' id='word_1_31' title='bbox 166 754 303 816; x_wconf 67' lang='lat' dir='ltr'>moimus</span> <span class='ocrx_word' id='word_1_32' title='bbox 324 751 366 814; x_wconf 80' lang='lat' dir='ltr'>de</span> <span class='ocrx_word' id='word_1_33' title='bbox 385 749 453 821; x_wconf 77' lang='lat' dir='ltr'>vio</span> <span class='ocrx_word' id='word_1_34' title='bbox 504 771 511 782; x_wconf 85' lang='lat'><strong>·</strong></span> <span class='ocrx_word' id='word_1_35' title='bbox 572 783 577 790; x_wconf 93' lang='lat'>·</span> 
     </span>
     <span class='ocr_line' id='line_1_6' title="bbox 2 833 1200 948; baseline 0.003 -29"><span class='ocrx_word' id='word_1_36' title='bbox 2 851 11 888; x_wconf 67' lang='lat'>⁵</span> <span class='ocrx_word' id='word_1_37' title='bbox 115 856 240 937; x_wconf 79' lang='lat' dir='ltr'>Quinta</span> <span class='ocrx_word' id='word_1_38' title='bbox 261 843 387 921; x_wconf 88' lang='lat' dir='ltr'>decima</span> <span class='ocrx_word' id='word_1_39' title='bbox 399 846 492 940; x_wconf 78' lang='lat' dir='ltr'>die,&#39;</span> <span class='ocrx_word' id='word_1_40' title='bbox 492 863 577 944; x_wconf 75' lang='lat' dir='ltr'>qnae</span> <span class='ocrx_word' id='word_1_41' title='bbox 597 833 668 931; x_wconf 71' lang='lat' dir='ltr'>finit</span> <span class='ocrx_word' id='word_1_42' title='bbox 687 853 850 926; x_wconf 78' lang='lat' dir='ltr'>domiiica</span> <span class='ocrx_word' id='word_1_43' title='bbox 868 863 901 928; x_wconf 77' lang='lat'>8.</span> <span class='ocrx_word' id='word_1_44' title='bbox 921 871 999 948; x_wconf 85' lang='lat' dir='ltr'>post</span> <span class='ocrx_word' id='word_1_45' title='bbox 1018 861 1200 944; x_wconf 58' lang='lat' dir='ltr'>&#39;immtatis</span> 
     </span>
     <span class='ocr_line' id='line_1_7' title="bbox 4 937 1202 1059; baseline 0 -31"><span class='ocrx_word' id='word_1_46' title='bbox 4 965 206 1029; x_wconf 67' lang='lat' dir='ltr'>³·festum</span> <span class='ocrx_word' id='word_1_47' title='bbox 217 937 412 1056; x_wconf 77' lang='lat' dir='ltr'>Sanctorum</span> <span class='ocrx_word' id='word_1_48' title='bbox 421 963 495 1026; x_wconf 89' lang='lat' dir='ltr'>Viti</span> <span class='ocrx_word' id='word_1_49' title='bbox 510 971 545 1026; x_wconf 87' lang='lat' dir='ltr'>et</span> <span class='ocrx_word' id='word_1_50' title='bbox 546 945 815 1059; x_wconf 58' lang='lat' dir='ltr'>piodestifidum</span> <span class='ocrx_word' id='word_1_51' title='bbox 836 970 997 1052; x_wconf 74' lang='lat' dir='ltr'><strong>aspiraret</strong></span> <span class='ocrx_word' id='word_1_52' title='bbox 1017 965 1087 1050; x_wconf 85' lang='lat' dir='ltr'>soi,</span> <span class='ocrx_word' id='word_1_53' title='bbox 1107 969 1202 1028; x_wconf 84' lang='lat' dir='ltr'>inoe-</span> 
     </span>
     <span class='ocr_line' id='line_1_8' title="bbox 4 1045 1202 1172; baseline -0.002 -37.95"><span class='ocrx_word' id='word_1_54' title='bbox 4 1078 147 1134; x_wconf 87' lang='lat' dir='ltr'>runt</span> <span class='ocrx_word' id='word_1_55' title='bbox 174 1047 299 1170; x_wconf 80' lang='lat' dir='ltr'>galeoti</span> <span class='ocrx_word' id='word_1_56' title='bbox 327 1065 426 1130; x_wconf 81' lang='lat' dir='ltr'>remis</span> <span class='ocrx_word' id='word_1_57' title='bbox 441 1045 581 1150; x_wconf 72' lang='lat' dir='ltr'>galeam</span> <span class='ocrx_word' id='word_1_58' title='bbox 608 1062 756 1155; x_wconf 75' lang='lat' dir='ltr'>trabere,</span> <span class='ocrx_word' id='word_1_59' title='bbox 784 1074 890 1172; x_wconf 87' lang='lat' dir='ltr'>quia</span> <span class='ocrx_word' id='word_1_60' title='bbox 894 1075 986 1135; x_wconf 84' lang='lat' dir='ltr'>venti</span> <span class='ocrx_word' id='word_1_61' title='bbox 1016 1090 1082 1134; x_wconf 90' lang='lat' dir='ltr'>non</span> <span class='ocrx_word' id='word_1_62' title='bbox 1109 1078 1202 1132; x_wconf 87' lang='lat' dir='ltr'>erant</span> 
     </span>
     <span class='ocr_line' id='line_1_9' title="bbox 33 1157 1203 1284; baseline -0.002 -44"><span class='ocrx_word' id='word_1_63' title='bbox 33 1185 144 1250; x_wconf 74' lang='lat' dir='ltr'>ntra</span> <span class='ocrx_word' id='word_1_64' title='bbox 164 1183 295 1260; x_wconf 91' lang='lat' dir='ltr'>portum</span> <span class='ocrx_word' id='word_1_65' title='bbox 315 1161 403 1258; x_wconf 76' lang='grc' dir='ltr'>(Β)</span> <span class='ocrx_word' id='word_1_66' title='bbox 407 1157 512 1235; x_wconf 87' lang='lat' dir='ltr'>urbis</span> <span class='ocrx_word' id='word_1_67' title='bbox 527 1165 702 1256; x_wconf 72' lang='lat' dir='ltr'>lictoriae,</span> <span class='ocrx_word' id='word_1_68' title='bbox 722 1193 743 1236; x_wconf 86' lang='grc' dir='ltr'>ι</span> <span class='ocrx_word' id='word_1_69' title='bbox 769 1192 837 1284; x_wconf 69' lang='lat' dir='ltr'>qno¹</span> <span class='ocrx_word' id='word_1_70' title='bbox 854 1195 918 1240; x_wconf 91' lang='lat' dir='ltr'>non</span> <span class='ocrx_word' id='word_1_71' title='bbox 938 1177 1004 1240; x_wconf 89' lang='lat' dir='ltr'>nisi</span> <span class='ocrx_word' id='word_1_72' title='bbox 1024 1193 1203 1260; x_wconf 87' lang='lat' dir='ltr'>perunum</span> 
     </span>
     <span class='ocr_line' id='line_1_10' title="bbox 1 1267 1204 1368; baseline 0.001 -23"><span class='ocrx_word' id='word_1_73' title='bbox 1 1281 157 1345; x_wconf 82' lang='lat' dir='ltr'>&#39;&#39;iliare</span> <span class='ocrx_word' id='word_1_74' title='bbox 194 1279 396 1365; x_wconf 80' lang='lat' dir='ltr'>almaniaum</span> <span class='ocrx_word' id='word_1_75' title='bbox 419 1295 565 1368; x_wconf 80' lang='lat' dir='ltr'>eramus,</span> <span class='ocrx_word' id='word_1_76' title='bbox 604 1267 639 1339; x_wconf 79' lang='lat' dir='ltr'>ei</span> <span class='ocrx_word' id='word_1_77' title='bbox 669 1295 743 1340; x_wconf 89' lang='lat' dir='ltr'>oum</span> <span class='ocrx_word' id='word_1_78' title='bbox 764 1269 893 1364; x_wconf 80' lang='lat' dir='ltr'>magnis</span> <span class='ocrx_word' id='word_1_79' title='bbox 919 1281 1082 1346; x_wconf 83' lang='lat' dir='ltr'>laboribus</span> <span class='ocrx_word' id='word_1_80' title='bbox 1116 1281 1204 1346; x_wconf 82' lang='lat' dir='ltr'>circa</span> 
     </span>
     <span class='ocr_line' id='line_1_11' title="bbox 6 1365 1203 1512; baseline -0.003 -60.946"><span class='ocrx_word' id='word_1_81' title='bbox 6 1405 143 1452; x_wconf 82' lang='lat' dir='ltr'>·›ram</span> <span class='ocrx_word' id='word_1_82' title='bbox 172 1365 264 1448; x_wconf 82' lang='lat' dir='ltr'>viii.</span> <span class='ocrx_word' id='word_1_83' title='bbox 295 1389 391 1446; x_wconf 86' lang='lat' dir='ltr'>ante</span> <span class='ocrx_word' id='word_1_84' title='bbox 387 1381 597 1444; x_wconf 79' lang='lat' dir='ltr'>meridiem</span> <span class='ocrx_word' id='word_1_85' title='bbox 586 1399 620 1442; x_wconf 90' lang='grc' dir='ltr'>ιιι</span> <span class='ocrx_word' id='word_1_86' title='bbox 645 1390 742 1465; x_wconf 86' lang='lat' dir='ltr'>portu</span> <span class='ocrx_word' id='word_1_87' title='bbox 769 1403 908 1451; x_wconf 84' lang='lat' dir='ltr'>eramus.</span> <span class='ocrx_word' id='word_1_88' title='bbox 945 1387 1073 1512; x_wconf 74' lang='grc' dir='ltr'><strong>Βιιιίιιι</strong></span> <span class='ocrx_word' id='word_1_89' title='bbox 1093 1395 1203 1450; x_wconf 88' lang='lat' dir='ltr'>antem</span> 
     </span>
     <span class='ocr_line' id='line_1_12' title="bbox 3 1473 1203 1578; baseline 0.001 -23.008"><span class='ocrx_word' id='word_1_90' title='bbox 3 1521 33 1555; x_wconf 66' lang='grc' dir='ltr'>ι</span> <span class='ocrx_word' id='word_1_91' title='bbox 78 1490 246 1573; x_wconf 79' lang='lat' dir='ltr'><strong>scapham</strong></span> <span class='ocrx_word' id='word_1_92' title='bbox 270 1485 512 1570; x_wconf 80' lang='lat' dir='ltr'>descendimus,</span> <span class='ocrx_word' id='word_1_93' title='bbox 535 1489 605 1548; x_wconf 91' lang='lat' dir='ltr'>et</span> <span class='ocrx_word' id='word_1_94' title='bbox 593 1506 627 1548; x_wconf 89' lang='grc' dir='ltr'>ιιι</span> <span class='ocrx_word' id='word_1_95' title='bbox 647 1479 816 1552; x_wconf 89' lang='lat' dir='ltr'>civitatem</span> <span class='ocrx_word' id='word_1_96' title='bbox 838 1473 1084 1578; x_wconf 79' lang='lat' dir='ltr'>navigavimus,</span> <span class='ocrx_word' id='word_1_97' title='bbox 1112 1493 1203 1556; x_wconf 90' lang='lat' dir='ltr'>etin</span> 
     </span>
     <span class='ocr_line' id='line_1_13' title="bbox 10 1571 1202 1679; baseline 0 -19"><span class='ocrx_word' id='word_1_98' title='bbox 10 1618 48 1660; x_wconf 51' lang='grc' dir='ltr'>ιι</span> <span class='ocrx_word' id='word_1_99' title='bbox 99 1595 295 1679; x_wconf 86' lang='lat' dir='ltr'>peregrinos</span> <span class='ocrx_word' id='word_1_100' title='bbox 315 1647 321 1659; x_wconf 90' lang='grc'>,</span> <span class='ocrx_word' id='word_1_101' title='bbox 343 1590 463 1655; x_wconf 91' lang='lat' dir='ltr'>domini</span> <span class='ocrx_word' id='word_1_102' title='bbox 505 1571 685 1674; x_wconf 68' lang='lat' dir='ltr'>Augustini</span> <span class='ocrx_word' id='word_1_103' title='bbox 725 1597 919 1662; x_wconf 78' lang='lat' dir='ltr'>invenimus.</span> <span class='ocrx_word' id='word_1_104' title='bbox 967 1599 1056 1665; x_wconf 83' lang='lat' dir='ltr'>nuxr·</span> <span class='ocrx_word' id='word_1_105' title='bbox 1092 1606 1202 1661; x_wconf 82' lang='lat' dir='ltr'>antem</span> 
     </span>
     <span class='ocr_line' id='line_1_14' title="bbox 1 1697 1202 1788; baseline 0.002 -24"><span class='ocrx_word' id='word_1_106' title='bbox 1 1703 190 1765; x_wconf 63' lang='lat' dir='ltr'>nominos</span> <span class='ocrx_word' id='word_1_107' title='bbox 208 1703 299 1760; x_wconf 88' lang='lat' dir='ltr'>meos</span> <span class='ocrx_word' id='word_1_108' title='bbox 311 1703 344 1764; x_wconf 86' lang='lat' dir='ltr'>et</span> <span class='ocrx_word' id='word_1_109' title='bbox 366 1697 448 1760; x_wconf 91' lang='lat' dir='ltr'>alios</span> <span class='ocrx_word' id='word_1_110' title='bbox 469 1700 659 1780; x_wconf 85' lang='lat' dir='ltr'>peregrinos</span> <span class='ocrx_word' id='word_1_111' title='bbox 680 1699 730 1763; x_wconf 83' lang='lat' dir='ltr'>ad&#39;</span> <span class='ocrx_word' id='word_1_112' title='bbox 743 1703 915 1788; x_wconf 69' lang='lat' dir='ltr'>ecclesiam</span> <span class='ocrx_word' id='word_1_113' title='bbox 938 1705 1074 1771; x_wconf 82' lang='lat' dir='ltr'><strong>fratrum</strong></span> <span class='ocrx_word' id='word_1_114' title='bbox 1096 1702 1202 1767; x_wconf 81' lang='lat' dir='ltr'>Prae-</span> 
     </span>
     <span class='ocr_line' id='line_1_15' title="bbox 2 1802 1199 1877; baseline 0.002 -7"><span class='ocrx_word' id='word_1_115' title='bbox 2 1812 211 1870; x_wconf 58' lang='lat' dir='ltr'>meatorum</span> <span class='ocrx_word' id='word_1_116' title='bbox 233 1809 268 1865; x_wconf 89' lang='lat' dir='ltr'>et</span> <span class='ocrx_word' id='word_1_117' title='bbox 289 1804 335 1864; x_wconf 91' lang='lat' dir='ltr'>ibi</span> <span class='ocrx_word' id='word_1_118' title='bbox 353 1805 486 1866; x_wconf 87' lang='lat' dir='ltr'>missam</span> <span class='ocrx_word' id='word_1_119' title='bbox 516 1802 701 1871; x_wconf 88' lang='lat' dir='ltr'>audivimus</span> <span class='ocrx_word' id='word_1_120' title='bbox 723 1807 958 1877; x_wconf 78' lang='lat' dir='ltr'>dominicalem.</span> <span class='ocrx_word' id='word_1_121' title='bbox 1001 1811 1096 1873; x_wconf 83' lang='lat' dir='ltr'>Prior</span> <span class='ocrx_word' id='word_1_122' title='bbox 1118 1829 1199 1873; x_wconf 89' lang='lat' dir='ltr'>vero</span> 
     </span>
     <span class='ocr_line' id='line_1_16' title="bbox 13 1908 1201 2001; baseline -0.001 -23.995"><span class='ocrx_word' id='word_1_123' title='bbox 13 1913 92 1977; x_wconf 72' lang='lat' dir='ltr'>sci</span> <span class='ocrx_word' id='word_1_124' title='bbox 117 1908 229 1974; x_wconf 91' lang='lat' dir='ltr'>etalii</span> <span class='ocrx_word' id='word_1_125' title='bbox 251 1908 367 1970; x_wconf 84' lang='lat' dir='ltr'>iratres</span> <span class='ocrx_word' id='word_1_126' title='bbox 389 1910 512 1990; x_wconf 90' lang='lat' dir='ltr'>optime</span> <span class='ocrx_word' id='word_1_127' title='bbox 532 1929 584 1972; x_wconf 88' lang='lat' dir='ltr'>me</span> <span class='ocrx_word' id='word_1_128' title='bbox 603 1921 782 2001; x_wconf 89' lang='lat' dir='ltr'>noverunt,</span> <span class='ocrx_word' id='word_1_129' title='bbox 815 1935 857 1979; x_wconf 84' lang='lat' dir='ltr'>ex</span> <span class='ocrx_word' id='word_1_130' title='bbox 877 1912 983 1998; x_wconf 79' lang='lat' dir='ltr'>prima</span> <span class='ocrx_word' id='word_1_131' title='bbox 1002 1917 1201 2000; x_wconf 82' lang='lat' dir='ltr'>peregrina-</span> 
     </span>
     <span class='ocr_line' id='line_1_17' title="bbox 7 2010 1202 2121; baseline 0 -40"><span class='ocrx_word' id='word_1_132' title='bbox 7 2021 135 2081; x_wconf 77' lang='lat' dir='ltr'>ione·</span> <span class='ocrx_word' id='word_1_133' title='bbox 165 2013 278 2076; x_wconf 85' lang='lat' dir='ltr'>Porro</span> <span class='ocrx_word' id='word_1_134' title='bbox 303 2010 403 2076; x_wconf 87' lang='lat' dir='ltr'>finita</span> <span class='ocrx_word' id='word_1_135' title='bbox 427 2015 529 2075; x_wconf 88' lang='lat' dir='ltr'>missa</span> <span class='ocrx_word' id='word_1_136' title='bbox 554 2016 696 2104; x_wconf 86' lang='lat' dir='ltr'>ingressi</span> <span class='ocrx_word' id='word_1_137' title='bbox 726 2037 840 2082; x_wconf 89' lang='lat' dir='ltr'>sumus</span> <span class='ocrx_word' id='word_1_138' title='bbox 870 2014 996 2121; x_wconf 81' lang='lat' dir='ltr'>domum</span> <span class='ocrx_word' id='word_1_139' title='bbox 1025 2020 1202 2102; x_wconf 82' lang='lat' dir='ltr'>i&#39;urnorum,</span> 
     </span>
     <span class='ocr_line' id='line_1_18' title="bbox 4 2103 1203 2221; baseline -0.001 -34.996"><span class='ocrx_word' id='word_1_140' title='bbox 4 2124 84 2186; x_wconf 75' lang='lat' dir='ltr'>nbi</span> <span class='ocrx_word' id='word_1_141' title='bbox 109 2121 294 2205; x_wconf 83' lang='lat' dir='ltr'>paximates</span> <span class='ocrx_word' id='word_1_142' title='bbox 320 2103 389 2182; x_wconf 81' lang='lat' dir='ltr'>ves</span> <span class='ocrx_word' id='word_1_143' title='bbox 401 2119 575 2201; x_wconf 83' lang='lat' dir='ltr'>paximaoii</span> <span class='ocrx_word' id='word_1_144' title='bbox 601 2131 784 2219; x_wconf 77' lang='lat' dir='ltr'>coquuntur</span> <span class='ocrx_word' id='word_1_145' title='bbox 810 2145 870 2210; x_wconf 93' lang='lat' dir='ltr'>pro</span> <span class='ocrx_word' id='word_1_146' title='bbox 895 2124 1203 2221; x_wconf 87' lang='lat' dir='ltr'>navigantibus,in</span> 
     </span>
     <span class='ocr_line' id='line_1_19' title="bbox 11 2208 1201 2324; baseline 0 -32"><span class='ocrx_word' id='word_1_147' title='bbox 11 2247 95 2312; x_wconf 73' lang='lat' dir='ltr'>pua</span> <span class='ocrx_word' id='word_1_148' title='bbox 121 2225 217 2324; x_wconf 82' lang='lat' dir='ltr'>domo</span> <span class='ocrx_word' id='word_1_149' title='bbox 245 2208 384 2290; x_wconf 80' lang='lat' dir='ltr'>habitat</span> <span class='ocrx_word' id='word_1_150' title='bbox 405 2223 535 2306; x_wconf 83' lang='lat' dir='ltr'>quidam</span> <span class='ocrx_word' id='word_1_151' title='bbox 566 2208 775 2293; x_wconf 86' lang='lat' dir='ltr'>theutonicus</span> <span class='ocrx_word' id='word_1_152' title='bbox 800 2241 914 2320; x_wconf 78' lang='lat' dir='ltr'>sonex,</span> <span class='ocrx_word' id='word_1_153' title='bbox 936 2238 971 2294; x_wconf 85' lang='lat' dir='ltr'>et</span> <span class='ocrx_word' id='word_1_154' title='bbox 992 2232 1038 2293; x_wconf 89' lang='lat' dir='ltr'>ibi</span> <span class='ocrx_word' id='word_1_155' title='bbox 1066 2227 1201 2313; x_wconf 91' lang='lat' dir='ltr'>prandio</span> 
     </span>
     <span class='ocr_line' id='line_1_20' title="bbox 3 2329 1202 2419; baseline -0.002 -21.985"><span class='ocrx_word' id='word_1_156' title='bbox 3 2340 146 2419; x_wconf 82' lang='lat' dir='ltr'>parato</span> <span class='ocrx_word' id='word_1_157' title='bbox 167 2333 272 2394; x_wconf 89' lang='lat' dir='ltr'>cibum</span> <span class='ocrx_word' id='word_1_158' title='bbox 303 2331 533 2412; x_wconf 81' lang='lat' dir='ltr'>sumpsimus.</span> <span class='ocrx_word' id='word_1_159' title='bbox 557 2329 689 2394; x_wconf 80' lang='lat' dir='ltr'>caeteri</span> <span class='ocrx_word' id='word_1_160' title='bbox 709 2353 789 2398; x_wconf 88' lang='lat' dir='ltr'>vero</span> <span class='ocrx_word' id='word_1_161' title='bbox 816 2337 982 2419; x_wconf 83' lang='lat' dir='ltr'>peregrini</span> <span class='ocrx_word' id='word_1_162' title='bbox 1008 2334 1052 2398; x_wconf 88' lang='lat' dir='ltr'>ad</span> <span class='ocrx_word' id='word_1_163' title='bbox 1073 2335 1202 2397; x_wconf 91' lang='lat' dir='ltr'>domum</span> 
     </span>
     <span class='ocr_line' id='line_1_21' title="bbox 1 2421 1202 2544; baseline -0.006 -39"><span class='ocrx_word' id='word_1_164' title='bbox 1 2439 239 2504; x_wconf 26' lang='lat' dir='ltr'>&#39;dominorum</span> <span class='ocrx_word' id='word_1_165' title='bbox 253 2421 529 2498; x_wconf 77' lang='lat' dir='ltr'>theutonicorum</span> <span class='ocrx_word' id='word_1_166' title='bbox 523 2438 750 2520; x_wconf 73' lang='lat' dir='ltr'>transierunt,</span> <span class='ocrx_word' id='word_1_167' title='bbox 772 2425 809 2502; x_wconf 82' lang='lat' dir='ltr'>et</span> <span class='ocrx_word' id='word_1_168' title='bbox 831 2442 876 2528; x_wconf 80' lang='lat' dir='ltr'>ibi</span> <span class='ocrx_word' id='word_1_169' title='bbox 897 2441 961 2502; x_wconf 89' lang='lat' dir='ltr'>sibi</span> <span class='ocrx_word' id='word_1_170' title='bbox 982 2440 1202 2544; x_wconf 82' lang='lat' dir='ltr'>provisionem</span> 
     </span>
     <span class='ocr_line' id='line_1_22' title="bbox 12 2483 1204 2642; baseline -0.003 -34"><span class='ocrx_word' id='word_1_171' title='bbox 12 2545 192 2608; x_wconf 81' lang='lat' dir='ltr'>fecerunt</span> <span class='ocrx_word' id='word_1_172' title='bbox 246 2535 330 2603; x_wconf 85' lang='lat' dir='ltr'>Post</span> <span class='ocrx_word' id='word_1_173' title='bbox 336 2537 526 2642; x_wconf 85' lang='lat' dir='ltr'>prandium</span> <span class='ocrx_word' id='word_1_174' title='bbox 567 2543 695 2604; x_wconf 90' lang='lat' dir='ltr'>moenia</span> <span class='ocrx_word' id='word_1_175' title='bbox 730 2483 878 2621; x_wconf 72' lang='lat' dir='ltr'>divitatis</span> <span class='ocrx_word' id='word_1_176' title='bbox 911 2527 1134 2624; x_wconf 85' lang='lat' dir='ltr'>ascendimus,</span> <span class='ocrx_word' id='word_1_177' title='bbox 1169 2551 1204 2604; x_wconf 87' lang='lat' dir='ltr'>et</span> 
     </span>
     <span class='ocr_line' id='line_1_23' title="bbox 1 2633 1202 2741; baseline -0.002 -28"><span class='ocrx_word' id='word_1_178' title='bbox 1 2664 133 2734; x_wconf 63' lang='lat' dir='ltr'>isuper</span> <span class='ocrx_word' id='word_1_179' title='bbox 165 2665 206 2711; x_wconf 84' lang='lat' dir='ltr'>aa</span> <span class='ocrx_word' id='word_1_180' title='bbox 236 2633 462 2729; x_wconf 81' lang='lat' dir='ltr'>circuivimus,</span> <span class='ocrx_word' id='word_1_181' title='bbox 502 2651 537 2707; x_wconf 84' lang='lat' dir='ltr'>et</span> <span class='ocrx_word' id='word_1_182' title='bbox 570 2647 605 2709; x_wconf 92' lang='lat' dir='ltr'>in</span> <span class='ocrx_word' id='word_1_183' title='bbox 632 2645 866 2732; x_wconf 68' lang='lat' dir='ltr'>expugnabiles</span> <span class='ocrx_word' id='word_1_184' title='bbox 904 2648 1019 2741; x_wconf 85' lang='lat' dir='ltr'>ejus</span> <span class='ocrx_word' id='word_1_185' title='bbox 1006 2649 1202 2713; x_wconf 85' lang='lat' dir='ltr'>munitiones</span> 
     </span>
     <span class='ocr_line' id='line_1_24' title="bbox 15 2751 1200 2856; baseline -0.003 -39"><span class='ocrx_word' id='word_1_186' title='bbox 15 2754 145 2818; x_wconf 86' lang='lat' dir='ltr'>mirati</span> <span class='ocrx_word' id='word_1_187' title='bbox 180 2769 302 2815; x_wconf 90' lang='lat' dir='ltr'>snmus.</span> <span class='ocrx_word' id='word_1_188' title='bbox 351 2751 446 2814; x_wconf 91' lang='lat' dir='ltr'>Non</span> <span class='ocrx_word' id='word_1_189' title='bbox 461 2751 546 2830; x_wconf 66' lang='lat' dir='ltr'>esim</span> <span class='ocrx_word' id='word_1_190' title='bbox 580 2760 633 2815; x_wconf 89' lang='lat' dir='ltr'>est</span> <span class='ocrx_word' id='word_1_191' title='bbox 660 2751 784 2840; x_wconf 78' lang='lat' dir='ltr'>insula,</span> <span class='ocrx_word' id='word_1_192' title='bbox 816 2754 876 2826; x_wconf 83' lang='lat' dir='ltr'>sed</span> <span class='ocrx_word' id='word_1_193' title='bbox 910 2752 999 2818; x_wconf 82' lang='lat' dir='ltr'>terra&#39;</span> <span class='ocrx_word' id='word_1_194' title='bbox 1018 2756 1200 2856; x_wconf 86' lang='lat' dir='ltr'>continens,</span> 
     </span>
     <span class='ocr_line' id='line_1_25' title="bbox 15 2855 1201 2943; baseline -0.003 -21"><span class='ocrx_word' id='word_1_195' title='bbox 15 2861 210 2923; x_wconf 79' lang='lat' dir='ltr'>Turoorum</span> <span class='ocrx_word' id='word_1_196' title='bbox 232 2862 339 2918; x_wconf 87' lang='lat' dir='ltr'>terrae</span> <span class='ocrx_word' id='word_1_197' title='bbox 354 2859 517 2940; x_wconf 82' lang='lat' dir='ltr'>continua,</span> <span class='ocrx_word' id='word_1_198' title='bbox 540 2856 581 2920; x_wconf 88' lang='lat' dir='ltr'>de</span> <span class='ocrx_word' id='word_1_199' title='bbox 596 2801 797 2943; x_wconf 81' lang='lat' dir='ltr'>qnaplenius</span> <span class='ocrx_word' id='word_1_200' title='bbox 819 2856 922 2924; x_wconf 88' lang='lat' dir='ltr'>dicam</span> <span class='ocrx_word' id='word_1_201' title='bbox 946 2863 980 2923; x_wconf 92' lang='lat' dir='ltr'>in</span> <span class='ocrx_word' id='word_1_202' title='bbox 1004 2861 1201 2941; x_wconf 86' lang='lat' dir='ltr'>reversione.</span> 
     </span>
     <span class='ocr_line' id='line_1_26' title="bbox 2 2949 1202 3054; baseline -0.002 -25"><span class='ocrx_word' id='word_1_203' title='bbox 2 2967 136 3029; x_wconf 81' lang='lat' dir='ltr'>Porro</span> <span class='ocrx_word' id='word_1_204' title='bbox 168 2961 277 3054; x_wconf 84' lang='lat' dir='ltr'><strong>galea</strong></span> <span class='ocrx_word' id='word_1_205' title='bbox 279 2957 413 3024; x_wconf 72' lang='lat' dir='ltr'>&#39;domini</span> <span class='ocrx_word' id='word_1_206' title='bbox 455 2949 638 3046; x_wconf 82' lang='lat' dir='ltr'>Augustini</span> <span class='ocrx_word' id='word_1_207' title='bbox 663 2967 761 3028; x_wconf 88' lang='lat' dir='ltr'>etiam</span> <span class='ocrx_word' id='word_1_208' title='bbox 792 2975 867 3030; x_wconf 91' lang='lat' dir='ltr'>erat</span> <span class='ocrx_word' id='word_1_209' title='bbox 899 2960 932 3028; x_wconf 84' lang='lat' dir='ltr'>iir</span> <span class='ocrx_word' id='word_1_210' title='bbox 965 2973 1060 3050; x_wconf 90' lang='lat' dir='ltr'>portu</span> <span class='ocrx_word' id='word_1_211' title='bbox 1087 2965 1144 3028; x_wconf 90' lang='lat' dir='ltr'>ilio</span> <span class='ocrx_word' id='word_1_212' title='bbox 1167 2971 1202 3027; x_wconf 87' lang='lat' dir='ltr'>et</span> 
     </span>
     <span class='ocr_line' id='line_1_27' title="bbox 22 3049 1201 3166; baseline 0 -34"><span class='ocrx_word' id='word_1_213' title='bbox 22 3086 150 3136; x_wconf 91' lang='lat' dir='ltr'>omnes</span> <span class='ocrx_word' id='word_1_214' title='bbox 165 3068 333 3151; x_wconf 88' lang='lat' dir='ltr'>peregrini</span> <span class='ocrx_word' id='word_1_215' title='bbox 353 3069 417 3130; x_wconf 87' lang='lat' dir='ltr'>sui.</span> <span class='ocrx_word' id='word_1_216' title='bbox 426 3068 461 3130; x_wconf 93' lang='lat' dir='ltr'>in</span> <span class='ocrx_word' id='word_1_217' title='bbox 479 3069 631 3152; x_wconf 87' lang='lat' dir='ltr'>civitate,</span> <span class='ocrx_word' id='word_1_218' title='bbox 654 3076 688 3132; x_wconf 88' lang='lat' dir='ltr'>et</span> <span class='ocrx_word' id='word_1_219' title='bbox 712 3049 901 3166; x_wconf 71' lang='lat' dir='ltr'>hdbrdmds</span> <span class='ocrx_word' id='word_1_220' title='bbox 913 3052 1009 3136; x_wconf 86' lang='lat' dir='ltr'>simui</span> <span class='ocrx_word' id='word_1_221' title='bbox 1026 3069 1201 3154; x_wconf 87' lang='lat' dir='ltr'>jocundam</span> 
     </span>
     <span class='ocr_line' id='line_1_28' title="bbox 25 3161 1202 3260; baseline 0 -23"><span class='ocrx_word' id='word_1_222' title='bbox 25 3183 67 3238; x_wconf 88' lang='lat' dir='ltr'>et</span> <span class='ocrx_word' id='word_1_223' title='bbox 98 3177 214 3237; x_wconf 90' lang='lat' dir='ltr'>bonam</span> <span class='ocrx_word' id='word_1_224' title='bbox 247 3174 477 3257; x_wconf 86' lang='lat' dir='ltr'>societatem,</span> <span class='ocrx_word' id='word_1_225' title='bbox 489 3171 575 3256; x_wconf 90' lang='lat' dir='ltr'>qnod</span> <span class='ocrx_word' id='word_1_226' title='bbox 606 3180 716 3236; x_wconf 87' lang='lat' dir='ltr'>tamen</span> <span class='ocrx_word' id='word_1_227' title='bbox 740 3178 886 3258; x_wconf 89' lang='lat' dir='ltr'>patronis</span> <span class='ocrx_word' id='word_1_228' title='bbox 913 3161 1094 3260; x_wconf 77' lang='lat' dir='ltr'>displicuit,</span> <span class='ocrx_word' id='word_1_229' title='bbox 1125 3179 1202 3260; x_wconf 88' lang='lat' dir='ltr'>quia</span> 
     </span>
     <span class='ocr_line' id='line_1_29' title="bbox 1 3269 1200 3362; baseline -0.003 -20"><span class='ocrx_word' id='word_1_230' title='bbox 1 3319 3 3330; x_wconf 69' lang='lat'>›</span> <span class='ocrx_word' id='word_1_231' title='bbox 27 3281 210 3362; x_wconf 88' lang='lat' dir='ltr'>putabant,</span> <span class='ocrx_word' id='word_1_232' title='bbox 232 3277 318 3362; x_wconf 90' lang='lat' dir='ltr'>qnod</span> <span class='ocrx_word' id='word_1_233' title='bbox 339 3280 458 3360; x_wconf 82' lang='lat' dir='ltr'>sicut</span> <span class='ocrx_word' id='word_1_234' title='bbox 448 3279 511 3362; x_wconf 78' lang='lat' dir='ltr'>ipsi</span> <span class='ocrx_word' id='word_1_235' title='bbox 535 3279 729 3344; x_wconf 86' lang='lat' dir='ltr'>discordiam</span> <span class='ocrx_word' id='word_1_236' title='bbox 751 3289 785 3354; x_wconf 81' lang='lat' dir='ltr'>et</span> <span class='ocrx_word' id='word_1_237' title='bbox 806 3269 995 3346; x_wconf 73' lang='lat' dir='ltr'>inimicitias</span> <span class='ocrx_word' id='word_1_238' title='bbox 1017 3279 1200 3345; x_wconf 84' lang='lat' dir='ltr'>adinvicem</span> 
     </span>
     <span class='ocr_line' id='line_1_30' title="bbox 1 3381 1200 3468; baseline -0.005 -19"><span class='ocrx_word' id='word_1_239' title='bbox 1 3399 3 3440; x_wconf 67' lang='lat' dir='ltr'>t</span> <span class='ocrx_word' id='word_1_240' title='bbox 28 3387 215 3467; x_wconf 84' lang='lat' dir='ltr'>habebant,</span> <span class='ocrx_word' id='word_1_241' title='bbox 237 3384 323 3468; x_wconf 92' lang='lat' dir='ltr'>quod</span> <span class='ocrx_word' id='word_1_242' title='bbox 346 3392 380 3448; x_wconf 90' lang='lat' dir='ltr'>et</span> <span class='ocrx_word' id='word_1_243' title='bbox 401 3404 462 3448; x_wconf 88' lang='lat' dir='ltr'>nos</span> <span class='ocrx_word' id='word_1_244' title='bbox 482 3381 595 3446; x_wconf 86' lang='lat' dir='ltr'>eodem</span> <span class='ocrx_word' id='word_1_245' title='bbox 616 3402 744 3446; x_wconf 90' lang='lat' dir='ltr'>veneno</span> <span class='ocrx_word' id='word_1_246' title='bbox 767 3381 959 3449; x_wconf 83' lang='lat' dir='ltr'>deberemus</span> <span class='ocrx_word' id='word_1_247' title='bbox 977 3401 1053 3445; x_wconf 89' lang='lat' dir='ltr'>esse</span> <span class='ocrx_word' id='word_1_248' title='bbox 1073 3383 1200 3464; x_wconf 87' lang='lat' dir='ltr'>iniecti,</span> 
     </span>
     <span class='ocr_line' id='line_1_31' title="bbox 1 3473 1203 3570; baseline -0.004 -16"><span class='ocrx_word' id='word_1_249' title='bbox 1 3488 3 3536; x_wconf 73' lang='grc' dir='ltr'><em>ἶ</em></span> <span class='ocrx_word' id='word_1_250' title='bbox 32 3498 71 3554; x_wconf 88' lang='lat' dir='ltr'>et</span> <span class='ocrx_word' id='word_1_251' title='bbox 93 3509 112 3551; x_wconf 90' lang='lat' dir='ltr'><strong>a</strong></span> <span class='ocrx_word' id='word_1_252' title='bbox 132 3497 244 3552; x_wconf 85' lang='lat' dir='ltr'>mutua</span> <span class='ocrx_word' id='word_1_253' title='bbox 263 3473 512 3552; x_wconf 79' lang='lat' dir='ltr'>conversatione</span> <span class='ocrx_word' id='word_1_254' title='bbox 533 3483 662 3568; x_wconf 74' lang='lat' dir='ltr'>fugeret</span> <span class='ocrx_word' id='word_1_255' title='bbox 685 3486 745 3549; x_wconf 87' lang='lat' dir='ltr'>sed</span> <span class='ocrx_word' id='word_1_256' title='bbox 761 3509 825 3552; x_wconf 90' lang='grc' dir='ltr'><strong>ιιοιι</strong></span> <span class='ocrx_word' id='word_1_257' title='bbox 844 3491 1040 3570; x_wconf 88' lang='lat' dir='ltr'>curavimus,</span> <span class='ocrx_word' id='word_1_258' title='bbox 1053 3493 1087 3549; x_wconf 90' lang='lat' dir='ltr'>et</span> <span class='ocrx_word' id='word_1_259' title='bbox 1107 3485 1203 3549; x_wconf 87' lang='lat' dir='ltr'>simul</span> 
     </span>
     <span class='ocr_line' id='line_1_32' title="bbox 32 3577 1202 3676; baseline -0.002 -18"><span class='ocrx_word' id='word_1_260' title='bbox 32 3593 234 3658; x_wconf 87' lang='lat' dir='ltr'>comedimus</span> <span class='ocrx_word' id='word_1_261' title='bbox 255 3606 290 3656; x_wconf 88' lang='lat' dir='ltr'>et</span> <span class='ocrx_word' id='word_1_262' title='bbox 313 3577 467 3654; x_wconf 85' lang='lat' dir='ltr'>bibimus:</span> <span class='ocrx_word' id='word_1_263' title='bbox 500 3606 622 3670; x_wconf 88' lang='lat' dir='ltr'>eosque</span> <span class='ocrx_word' id='word_1_264' title='bbox 641 3591 675 3652; x_wconf 92' lang='lat' dir='ltr'>in</span> <span class='ocrx_word' id='word_1_265' title='bbox 704 3599 847 3656; x_wconf 88' lang='lat' dir='ltr'>nostram</span> <span class='ocrx_word' id='word_1_266' title='bbox 870 3589 996 3675; x_wconf 79' lang='lat' dir='ltr'>galeam</span> <span class='ocrx_word' id='word_1_267' title='bbox 1018 3587 1202 3676; x_wconf 86' lang='lat' dir='ltr'>videndam,</span> 
     </span>
     <span class='ocr_line' id='line_1_33' title="bbox 34 3691 1203 3781; baseline -0.001 -20"><span class='ocrx_word' id='word_1_268' title='bbox 34 3707 73 3761; x_wconf 89' lang='lat' dir='ltr'>et</span> <span class='ocrx_word' id='word_1_269' title='bbox 96 3697 156 3778; x_wconf 88' lang='lat' dir='ltr'>ipsi</span> <span class='ocrx_word' id='word_1_270' title='bbox 183 3715 243 3759; x_wconf 90' lang='lat' dir='ltr'>nos</span> <span class='ocrx_word' id='word_1_271' title='bbox 276 3699 309 3758; x_wconf 90' lang='lat' dir='ltr'>in</span> <span class='ocrx_word' id='word_1_272' title='bbox 336 3713 444 3776; x_wconf 88' lang='lat' dir='ltr'>suam,</span> <span class='ocrx_word' id='word_1_273' title='bbox 473 3691 677 3772; x_wconf 79' lang='lat' dir='ltr'>induximus,</span> <span class='ocrx_word' id='word_1_274' title='bbox 703 3699 738 3754; x_wconf 89' lang='lat' dir='ltr'>et</span> <span class='ocrx_word' id='word_1_275' title='bbox 776 3698 823 3761; x_wconf 88' lang='lat' dir='ltr'>ita</span> <span class='ocrx_word' id='word_1_276' title='bbox 853 3697 949 3759; x_wconf 84' lang='lat' dir='ltr'>simul</span> <span class='ocrx_word' id='word_1_277' title='bbox 985 3695 1069 3762; x_wconf 90' lang='lat' dir='ltr'>diem</span> <span class='ocrx_word' id='word_1_278' title='bbox 1097 3716 1203 3781; x_wconf 87' lang='lat' dir='ltr'>usque</span> 
     </span>
     <span class='ocr_line' id='line_1_34' title="bbox 36 3781 1201 3892; baseline 0 -27"><span class='ocrx_word' id='word_1_279' title='bbox 36 3801 82 3866; x_wconf 86' lang='lat' dir='ltr'>ad</span> <span class='ocrx_word' id='word_1_280' title='bbox 113 3818 270 3882; x_wconf 87' lang='lat' dir='ltr'>vesperas</span> <span class='ocrx_word' id='word_1_281' title='bbox 308 3799 517 3879; x_wconf 88' lang='lat' dir='ltr'>deduximus,</span> <span class='ocrx_word' id='word_1_282' title='bbox 556 3814 629 3859; x_wconf 91' lang='lat' dir='ltr'>cnm</span> <span class='ocrx_word' id='word_1_283' title='bbox 654 3796 781 3864; x_wconf 80' lang='lat' dir='ltr'>laetitia</span> <span class='ocrx_word' id='word_1_284' title='bbox 816 3781 1015 3892; x_wconf 83' lang='lat' dir='ltr'>gaudentes,</span> <span class='ocrx_word' id='word_1_285' title='bbox 1051 3803 1178 3886; x_wconf 88' lang='lat' dir='ltr'>qnod</span> <span class='ocrx_word' id='word_1_286' title='bbox 1167 3823 1201 3866; x_wconf 89' lang='grc' dir='ltr'>ιιι</span> 
     </span>
     <span class='ocr_line' id='line_1_35' title="bbox 40 3896 1203 3972; baseline 0.001 -2"><span class='ocrx_word' id='word_1_287' title='bbox 40 3905 143 3970; x_wconf 88' lang='lat' dir='ltr'>medio</span> <span class='ocrx_word' id='word_1_288' title='bbox 165 3906 241 3968; x_wconf 89' lang='lat' dir='ltr'>viae</span> <span class='ocrx_word' id='word_1_289' title='bbox 270 3907 368 3968; x_wconf 89' lang='lat' dir='ltr'>maris</span> <span class='ocrx_word' id='word_1_290' title='bbox 392 3904 613 3969; x_wconf 85' lang='lat' dir='ltr'>convenimus.</span> <span class='ocrx_word' id='word_1_291' title='bbox 657 3903 742 3968; x_wconf 84' lang='lat' dir='ltr'>Nam</span> <span class='ocrx_word' id='word_1_292' title='bbox 773 3896 908 3970; x_wconf 79' lang='lat' dir='ltr'>Metona</span> <span class='ocrx_word' id='word_1_293' title='bbox 938 3909 1056 3972; x_wconf 87' lang='lat' dir='ltr'>civitas</span> <span class='ocrx_word' id='word_1_294' title='bbox 1084 3909 1203 3972; x_wconf 90' lang='lat' dir='ltr'>dicitur</span> 
     </span>
     <span class='ocr_line' id='line_1_36' title="bbox 41 3990 1203 4094; baseline 0.002 -21"><span class='ocrx_word' id='word_1_295' title='bbox 41 4029 114 4074; x_wconf 86' lang='lat' dir='ltr'>esse</span> <span class='ocrx_word' id='word_1_296' title='bbox 131 4012 164 4072; x_wconf 95' lang='lat' dir='ltr'>in</span> <span class='ocrx_word' id='word_1_297' title='bbox 187 4009 292 4074; x_wconf 85' lang='lat' dir='ltr'>media</span> <span class='ocrx_word' id='word_1_298' title='bbox 312 4011 368 4074; x_wconf 89' lang='lat' dir='ltr'>via</span> <span class='ocrx_word' id='word_1_299' title='bbox 388 4029 409 4072; x_wconf 89' lang='lat' dir='ltr'>a</span> <span class='ocrx_word' id='word_1_300' title='bbox 427 4009 579 4072; x_wconf 86' lang='lat' dir='ltr'>Venetiis</span> <span class='ocrx_word' id='word_1_301' title='bbox 601 4027 706 4094; x_wconf 88' lang='lat' dir='ltr'>nsque</span> <span class='ocrx_word' id='word_1_302' title='bbox 724 3990 764 4074; x_wconf 86' lang='lat' dir='ltr'>ad</span> <span class='ocrx_word' id='word_1_303' title='bbox 776 4009 970 4077; x_wconf 87' lang='lat' dir='ltr'>Jerusalem.</span> <span class='ocrx_word' id='word_1_304' title='bbox 990 4013 1091 4078; x_wconf 88' lang='lat' dir='ltr'>Porro</span> <span class='ocrx_word' id='word_1_305' title='bbox 1114 4017 1203 4076; x_wconf 85' lang='lat' dir='ltr'>cirea</span> 
     </span>
     <span class='ocr_line' id='line_1_37' title="bbox 43 4104 1201 4200; baseline -0.002 -20"><span class='ocrx_word' id='word_1_306' title='bbox 43 4132 193 4200; x_wconf 82' lang='lat' dir='ltr'>vesperas</span> <span class='ocrx_word' id='word_1_307' title='bbox 214 4117 307 4180; x_wconf 83' lang='lat' dir='ltr'>ambo</span> <span class='ocrx_word' id='word_1_308' title='bbox 324 4116 453 4198; x_wconf 81' lang='lat' dir='ltr'>patroni</span> <span class='ocrx_word' id='word_1_309' title='bbox 471 4104 683 4180; x_wconf 71' lang='lat' dir='ltr'>insonnernni</span> <span class='ocrx_word' id='word_1_310' title='bbox 703 4117 849 4181; x_wconf 86' lang='lat' dir='ltr'>buccinis</span> <span class='ocrx_word' id='word_1_311' title='bbox 868 4127 1027 4182; x_wconf 87' lang='lat' dir='ltr'>vocantes</span> <span class='ocrx_word' id='word_1_312' title='bbox 1050 4120 1201 4199; x_wconf 89' lang='lat' dir='ltr'>peregri-</span> 
     </span>
     <span class='ocr_line' id='line_1_38' title="bbox 45 4219 1201 4304; baseline -0.003 -21"><span class='ocrx_word' id='word_1_313' title='bbox 45 4239 102 4284; x_wconf 85' lang='lat' dir='ltr'>nos</span> <span class='ocrx_word' id='word_1_314' title='bbox 121 4223 153 4284; x_wconf 93' lang='lat' dir='ltr'>in</span> <span class='ocrx_word' id='word_1_315' title='bbox 173 4219 294 4303; x_wconf 73' lang='lat' dir='ltr'>galias.</span> <span class='ocrx_word' id='word_1_316' title='bbox 338 4219 442 4302; x_wconf 87' lang='lat' dir='ltr'>Signo</span> <span class='ocrx_word' id='word_1_317' title='bbox 463 4238 541 4303; x_wconf 89' lang='lat' dir='ltr'>ergo</span> <span class='ocrx_word' id='word_1_318' title='bbox 562 4221 671 4285; x_wconf 93' lang='lat' dir='ltr'>andito</span> <span class='ocrx_word' id='word_1_319' title='bbox 704 4239 818 4286; x_wconf 88' lang='lat' dir='ltr'>omnes</span> <span class='ocrx_word' id='word_1_320' title='bbox 839 4225 873 4284; x_wconf 92' lang='lat' dir='ltr'>in</span> <span class='ocrx_word' id='word_1_321' title='bbox 895 4221 1008 4304; x_wconf 72' lang='lat' dir='ltr'>galeas</span> <span class='ocrx_word' id='word_1_322' title='bbox 1037 4221 1201 4282; x_wconf 85' lang='lat' dir='ltr'>remeavi-</span> 
     </span>
     <span class='ocr_line' id='line_1_39' title="bbox 48 4323 1201 4408; baseline -0.005 -20"><span class='ocrx_word' id='word_1_323' title='bbox 48 4343 123 4390; x_wconf 86' lang='lat' dir='ltr'>mus.</span> <span class='ocrx_word' id='word_1_324' title='bbox 162 4323 284 4390; x_wconf 76' lang='lat' dir='ltr'>nodam</span> <span class='ocrx_word' id='word_1_325' title='bbox 306 4343 380 4389; x_wconf 90' lang='lat' dir='ltr'>sero</span> <span class='ocrx_word' id='word_1_326' title='bbox 408 4323 609 4408; x_wconf 82' lang='lat' dir='ltr'>Augustinus</span> <span class='ocrx_word' id='word_1_327' title='bbox 639 4345 712 4391; x_wconf 90' lang='lat' dir='ltr'>cnm</span> <span class='ocrx_word' id='word_1_328' title='bbox 734 4327 806 4389; x_wconf 88' lang='lat' dir='ltr'>suis</span> <span class='ocrx_word' id='word_1_329' title='bbox 835 4324 1016 4407; x_wconf 85' lang='lat' dir='ltr'>peregrinis</span> <span class='ocrx_word' id='word_1_330' title='bbox 1046 4323 1201 4403; x_wconf 63' lang='lat' dir='ltr'>recessim</span> 
     </span>
    </p>
   </div>
   <div class='ocr_carea' id='block_1_3' title="bbox 0 0 1330 4792">
    <p class='ocr_par' dir='ltr' id='par_1_3' title="bbox 0 0 1330 4792">
     <span class='ocr_line' id='line_1_40' title="bbox 0 0 1330 4792; baseline 0 0"><span class='ocrx_word' id='word_1_331' title='bbox 0 0 1330 4792; x_wconf 95' lang='lat' dir='ltr'> </span> 
     </span>
    </p>
   </div>
  </div>
 </body>
</html>
