2716 4798
670 92 731 160 lut)
1320 104 1321 180 q

117 283 279 371 peridem
301 282 386 346 latus
416 287 493 344 sunt
513 281 653 342 transtra
672 293 748 340 eum
769 273 866 340 remis
887 289 993 357 usqua
1013 271 1057 336 ad
1085 285 1263 356 prom:
1284 268 1313 330 ia

95 391 249 464 ¹sinistro
281 407 361 453 vero
389 386 490 448 latere
518 389 595 446 suut
615 399 635 444 a
658 381 758 464 puppi
785 397 890 464 usque
918 378 960 442 ad
981 397 1114 462 proram
1152 354 1324 438 annenai

118 497 292 581 remigum,
325 490 401 576 (46
412 487 477 574 Δ),
503 489 590 552 etin
612 487 753 570 quolibet
775 494 914 551 transtro
936 492 1022 549 sunt
1043 493 1115 546 tres
1152 479 1326 562 remiget,

118 619 192 668 eum
213 600 397 684 sagittario,
429 605 463 659 et
482 597 566 657 inter
586 589 650 655 duo
680 599 823 656 trarmtra
848 609 965 674 super,
978 590 1174 672 marginem
1210 583 1327 646 narbo

118 705 160 770 ad
190 715 361 788 utrumque
397 701 482 764 latus
518 695 637 782 pendet
666 697 699 760 in
732 695 873 792 bidente
893 696 998 760 ferreo
1030 691 1211 757 versabili
1247 688 1328 751 una'

117 808 309 892 bombarda,
332 815 365 870 et
385 815 556 887 utrumque
576 802 662 866 latus
683 801 781 866 habet
802 819 903 877 uuum
930 799 1203 864 bombardanum
1214 842 1226 879 ,
1255 795 1307 879 qui

118 916 314 978 necessitate
334 911 459 996 lapides
481 910 521 974 de
543 911 592 971 ets
614 908 831 978 emittunt.1n
852 905 959 969 medio
980 906 1076 970 navis
1099 914 1157 968 est
1180 902 1304 982 malus,
1330 938 1331 948 ι

119 1021 213 1085 arbor
245 1018 327 1102 alta,
359 1034 477 1100 magna
505 1022 538 1077 et
565 1013 677 1096 forus,
708 1031 751 1074 ex
778 1012 889 1075 multis
919 1011 1063 1076 trabibus
1094 1009 1303 1092 eomposita,
1331 1020 1332 1026 ’

119 1123 308 1190 sustentans
344 1130 518 1186 antennam
561 1135 635 1180 eum
680 1125 837 1181 aoeatono
876 1117 931 1182 vel
973 1116 1048 1180 velo
1084 1113 1237 1200 grandi3
1271 1112 1303 1174 in

119 1231 303 1296 summitate
334 1227 410 1290 mali
434 1233 485 1288 est
514 1219 754 1287 tabernaculum
782 1221 868 1308 quod
898 1222 1088 1286 'l'heutoniei
1122 1221 1301 1285 nominant

120 1343 281 1418 sportam3
314 1332 420 1394 ltaliei
448 1329 582 1412 kebam,
620 1327 729 1392 Latini
762 1328 953 1417 earceriam3
986 1336 1018 1389 et
1042 1326 1140 1410 juxta
1171 1322 1298 1386 malum

121 1440 270 1523 superius
292 1445 343 1499 est
364 1433 522 1520 quaedam
542 1431 688 1516 latitudo,
709 1433 742 1494 in
764 1450 830 1516 qua
857 1433 1053 1516 conveniunt
1075 1433 1238 1498 homines
1258 1425 1297 1488 ad

121 1544 331 1627 colloquium,
360 1543 445 1604 siout
466 1539 507 1603 ad
529 1539 650 1621 iorum,
680 1547 713 1600 et
745 1537 861 1601 dieitur
882 1537 985 1620 sorum
1013 1535 1142 1620 galeae.
1191 1535 1295 1600 Porro

120 1652 227 1733 ipsum
248 1645 358 1710 velum
379 1663 530 1728 magnum
551 1643 648 1706 habet
673 1643 766 1705 Lllll
796 1659 924 1725 pannos
946 1643 980 1705 in
1002 1642 1119 1724 latum,
1153 1658 1293 1722 qnorum

122 1751 255 1838 quilibet
276 1749 349 1834 plus
371 1748 466 1832 facit,
487 1767 583 1832 quam
603 1747 722 1811 ulnam.
764 1747 887 1812 Verum
909 1767 968 1831 pro
990 1747 1184 1810 ‹liversitate
1208 1754 1293 1808 tem-

121 1877 234 1944 porum
275 1854 516 1938 suspenduntur
557 1851 688 1916 diversa
721 1853 811 1935 vela,
841 1872 906 1916 nan
938 1853 1020 1916 adeo
1052 1869 1174 1934 magna
1205 1851 1292 1914 sieut

122 1971 268 2030 aeeatou.
323 1962 361 2022 ln
378 1957 623 2043 tempestatibus
667 1967 831 2042 apponunt
868 1957 978 2022 velum
1021 1957 1220 2042 quadratum
1261 1963 1292 2018 et

122 2087 286 2152 grossum,
297 2065 384 2150 quod
402 2065 566 2129 nominant
587 2065 748 2148 papafigo.
779 2065 817 2126 ln
836 2067 900 2128 ista
916 2081 994 2149 ergo
1004 2072 1098 2151 parte
1119 2065 1292 2146 superiore

122 2173 265 2236 habitant
287 2169 444 2233 officiales
471 2167 586 2252 galeae
607 2179 657 2232 est
675 2168 825 2253 galeone
845 2171 1067 2256 unusquisqne
1086 2170 1121 2233 in
1147 2176 1291 2232 traamtro

122 2291 201 2358 suo,
234 2284 266 2338 et
293 2275 337 2338 ibi
369 2274 528 2338 dormiunt
554 2283 585 2336 et
614 2275 787 2338 comedunt
818 2283 851 2337 et
871 2263 1031 2346 laborant.
1072 2273 1174 2341 Porro
1205 2275 1290 2336 inter

123 2387 266 2444 transtra
286 2383 454 2465 utriusque
474 2381 586 2444 lateris
606 2390 657 2443 est
679 2381 818 2447 medium
840 2383 921 2446 satis
937 2381 1094 2464 latum,in
1115 2399 1179 2465 quo
1200 2388 1289 2443 stant

123 2486 226 2550 eistae
247 2503 386 2570 magnae
415 2485 532 2570 plenae
559 2488 793 2570 mercimoniis,
826 2494 859 2549 et
889 2505 989 2570 super
1010 2487 1113 2550 cistas
1133 2486 1218 2548 istas
1240 2496 1289 2548 est

124 2591 337 2654 deambulatio
368 2609 388 2653 a
418 2609 514 2672 prora
547 2610 653 2676 usque
695 2591 736 2654 ad
768 2592 915 2676 puppim:
953 2591 997 2654 ibi
1030 2592 1127 2656 etiam
1156 2599 1288 2656 currunt

124 2695 305 2759 hortatores
332 2704 477 2777 tempore
507 2695 737 2778 remigationis.
787 2698 890 2761 Juxta
915 2697 1049 2764 malum.
1063 2705 1113 2760 est
1145 2695 1286 2760 foramen

122 2817 276 2882 magnum
296 2816 355 2879 per
375 2798 461 2880 qued
482 2795 513 2861 7.
534 2797 689 2882 gradibus
712 2811 762 2864 est
781 2803 958 2865 descensus
974 2805 1009 2864 in
1031 2802 1182 2884 carinam,
1203 2821 1285 2886 quae

123 2913 174 2966 est
196 2903 288 2965 loeus
310 2903 568 2986 peregrinorum,
589 2904 644 2967 vel
666 2925 798 2974 orianum
828 2908 861 2971 in
883 2908 1040 2972 onerariis
1068 2905 1183 2989 galeis.
1223 2909 1283 2972 Est

122 3017 230 3072 autem
250 3008 322 3089 ipsa
361 3009 472 3072 earina
501 3009 640 3093 longua
669 3010 799 3073 cellario
833 3013 951 3096 puppis
989 3030 1095 3102 usque
1115 3011 1158 3074 ad
1178 3029 1282 3076 eame-

123 3112 226 3175 rnlam
248 3129 375 3194 prorae,
397 3111 462 3175 lata
483 3134 562 3178 vero
582 3116 622 3179 ab
644 3131 709 3177 uno
731 3115 854 3196 pariete
875 3118 971 3181 navis
991 3135 1097 3200 usque
1117 3116 1159 3179 ad
1178 3116 1279 3200 aliun,

122 3225 155 3280 et
174 3225 227 3279 est
248 3217 332 3280 sieut
359 3235 487 3282 eamera
508 3219 652 3302 spatiosa
673 3227 706 3282 et
726 3237 859 3304 magna3
888 3240 950 3285 nee
969 3223 1068 3286 habet
1088 3221 1194 3285 lumen
1218 3221 1279 3284 nisi

122 3322 208 3406 quod
229 3342 288 3406 per
302 3323 467 3387 duramina
497 3333 650 3408 quatuor,
683 3344 741 3409 per
762 3345 846 3410 qnae
867 3336 919 3390 est
940 3328 1067 3390 ineam
1097 3327 1277 3409 deseensus,

121 3429 227 3492 latrat.
257 3431 296 3492 ln
316 3430 380 3493 ista
401 3429 510 3496 eariua
530 3430 627 3494 habet
648 3430 781 3515 quilibet
796 3432 987 3514 peregrinus
1011 3450 1104 3495 suam
1125 3431 1274 3513 cumbam,

122 3532 176 3594 vel
207 3548 303 3595 snum
333 3533 493 3598 locellum.
545 3533 645 3599 Porro
677 3540 918 3620 peregrinomm
959 3538 1095 3605 uambae
1125 3537 1174 3600 sie
1206 3546 1276 3600 sunt

122 3636 306 3719 ordinatae,
346 3639 431 3721 quod
469 3660 528 3723 per
558 3639 689 3724 longum
730 3645 825 3706 navis
856 3647 929 3708 sive
967 3644 1096 3708 earinae
1128 3651 1180 3704 est
1214 3660 1275 3706 una

27 3803 28 3807 ,
122 3740 238 3803 dumba
258 3739 300 3810 ad
321 3742 419 3809 aliam
443 3745 515 3809 siue
541 3746 730 3829 interstitio,
758 3755 790 3809 et
812 3766 895 3812 unus
924 3749 1115 3832 peregrinus
1133 3745 1216 3828 jaeat
1233 3747 1272 3810 ad

28 3869 30 3940 ι
121 3844 207 3908 latus
228 3843 375 3930 alterius,
407 3849 597 3931 inutraque
618 3849 734 3934 latere,
765 3855 874 3936 eapita
902 3855 1060 3918 habentos
1082 3852 1123 3917 ad
1144 3852 1271 3936 parietes

29 3969 30 3972 ¹
122 3949 216 4012 navis
236 3957 270 4012 et
290 3950 390 4033 pedes
412 3963 524 4016 eontra
538 3973 575 4016 so
590 3954 730 4017 invicem
747 3959 968 4022 extendentes.
992 3958 1060 4024 Sed
1081 3958 1157 4041 quia
1174 3959 1271 4020 euriae

31 4054 33 4130 ἶ
121 4052 187 4115 lata
216 4061 283 4136 est,
304 4064 392 4119 stant
412 4058 446 4118 in
471 4056 576 4120 medio
606 4062 793 4123 cumbarum
822 4066 937 4144 cistae,
971 4082 1091 4145 capsae
1137 4062 1268 4146 peregri-

33 4163 35 4248 }
121 4175 232 4228 aarum
266 4177 286 4221 a
323 4159 454 4226 cellario
489 4178 593 4243 usque
627 4163 669 4227 ad
705 4183 819 4248 prorae
851 4167 1063 4250 camerulam,
1100 4169 1134 4230 in
1166 4167 1267 4252 qulbus
