2716 4798
725 173 768 238 st

167 359 303 429 fueram.
346 357 494 422 Occurrit
517 365 549 419 et
570 356 665 422 uoltis
687 354 810 439 reliqua
832 351 955 418 lamiis
979 371 1040 421 nos
1066 351 1246 418 salutans
1272 364 1335 416 eta

167 462 377 530 servieudum
407 463 502 527 uobis
533 479 571 525 se
600 463 755 546 ingerens
785 467 819 522 et
851 461 1018 524 exhibens.
1079 457 1217 523 Omnis
1257 469 1335 522 auter

169 571 303 654 domus,
336 571 459 652 hospes
488 577 521 630 et
541 568 669 651 hospita
691 573 724 630 et
751 565 861 629 cuncti
889 564 1002 628 lamuli
1022 573 1055 627 et
1082 563 1249 628 ancillae
1272 585 1335 626 erar

167 677 209 751 de
241 676 350 762 lingua
378 674 573 756 alemaniae,
604 689 667 735 uec
697 669 888 734 audiebatur
916 671 951 732 lu
983 669 1077 733 domo
1103 671 1169 732 illa
1210 671 1335 734 verbm

166 779 327 863 italicum,
353 775 398 842 (ιο
431 795 495 861 quo
524 772 690 860 singulare
719 776 868 840 solatium
893 774 1091 858 habtumus,
1125 771 1219 860 aphia
1261 774 1335 838 vall«

166 885 304 969 poenale
326 894 377 948 est
400 885 576 954 convivere
603 881 796 975 homiuibus,
820 897 894 946 cum
915 874 1036 965 qulbus
1063 880 1252 944 locutIoue
1277 899 1335 945 oor·

167 992 294 1056 versari
321 1010 385 1054 uou
406 999 522 1076 potest
561 989 713 1073 Denique
733 982 806 1052 all·
796 1003 981 1072 ingrussum
1018 995 1171 1051 nostrum
1207 989 1335 1051 occurrit

169 1098 264 1160 uobis
285 1099 394 1180 cauis,
416 1106 528 1160 custos
549 1091 680 1177 domus,
709 1109 846 1175 maguus
868 1099 901 1155 et
921 1091 1030 1195 lupar,
1052 1101 1085 1155 et
1115 1092 1334 1155 blandimento

168 1200 383 1265 caudaesuae
404 1201 558 1286 gaudium
579 1198 748 1266 sehaborc
767 1182 976 1282 monstrabat,
995 1205 1027 1260 et
1050 1197 1102 1262 ιιι
1105 1215 1179 1262 uos
1203 1197 1333 1260 saltabat

169 1307 256 1388 sicut
286 1325 386 1370 oaues
418 1307 524 1379 solent
549 1306 658 1368 lacere
690 1302 731 1365 ad
758 1305 820 1367 sili
851 1313 957 1413 notos,
997 1303 1064 1366 iilo
1093 1303 1198 1366 cauis
1232 1318 1332 1366 omues

168 1411 405 1496 I'heutonicos,
447 1410 489 1475 tle
517 1425 709 1494 quacunque
744 1417 837 1490 parte
868 1383 1061 1471 Διοιιιιιιιιιιο
1101 1409 1272 1492 veritam,
1297 1409 1331 1468 sir

169 1519 318 1604 gaudens
349 1519 423 1601 (n)
453 1518 577 1600 recipit.
626 1513 695 1579 Sed
717 1514 758 1577 ad
789 1514 975 1596 ingressum
988 1507 1122 1598 ltaIIci,
1150 1453 1328 1593 nonusis

169 1625 304 1709 Gallici,
325 1625 459 1705 Franci,
480 1621 609 1704 Sclavi,
638 1617 772 1702 Graeci,
797 1619 853 1681 vel
873 1618 1006 1682 alterius
1033 1621 1232 1704 provinciae
1256 1629 1327 1682 extra

168 1730 389 1814 Alemauiam,
410 1727 492 1792 adeo
512 1727 680 1808 irascitur,
702 1724 789 1812 quod
811 1726 905 1808 quasi
926 1725 1059 1792 rabidus
1079 1727 1325 1807 assumemus

169 1855 243 1902 cum
263 1833 379 1920 grandi
399 1820 517 1895 latium
539 1833 686 1914 occurrit,
709 1842 742 1894 et
763 1830 886 1897 furiose
907 1833 940 1893 iu
957 1830 1043 1894 illos·
1061 1831 1182 1913 msiln,
1221 1839 1257 1893 et
1277 1830 1323 1891 uisi

170 1941 287 2026 aquuis
309 1957 422 2002 cauam
445 1946 644 2022 compescat,
677 1937 866 2000 amolestia
887 1954 952 1998 nou
973 1939 1121 1999 cessat·
1116 1935 1215 1998 Nec
1247 1938 1327 1998 etlau

168 2046 295 2109 illorum
315 2044 515 2126 Italicorum,
536 2045 645 2124 quiin
669 2043 788 2106 viciniis
810 2041 958 2134 domibus
977 2042 1141 2122 habitant,
1160 2031 1324 2119 assuescit,

169 2150 228 2214 sed
251 2155 362 2210 contra
383 2164 457 2228 eos,
494 2149 578 2223 sicut
613 2156 726 2211 contra
755 2146 879 2212 Ilieuos
900 2129 1041 2230 iusu‘rgit
1062 2156 1094 2208 et
1114 2163 1335 2230 perseveranti

170 2261 279 2318 manet
311 2253 451 2316 omnium
488 2251 700 2334 implacabilis
735 2251 893 2316 iuimicus.
948 2237 1076 2314 Canes
1092 2252 1190 2314 etiam
1230 2270 1321 2316 eoram

169 2377 373 2445 nequaquam
395 2357 604 2424 ascendere
593 2378 628 2424 ιιι
650 2357 779 2421 domum
799 2357 963 2445 perpdttit,
986 2355 1045 2420 sed
1071 2371 1170 2420 caum
1189 2343 1320 2420 'I'lreuto-

170 2469 315 2530 uicorum
337 2483 402 2528 uon
427 2465 543 2548 tangit.
565 2461 736 2528 Menelaos
746 2461 1208 2546 theutonicoseleemosyuam
1226 2472 1320 2546 petere

170 2571 321 2636 volentes
342 2589 410 2634 nou
441 2563 584 2653 invadit,
619 2568 680 2632 sed
697 2564 831 2632 italicos
861 2584 1039 2653 pauperes,
1070 2565 1250 2630 ascendere
1276 2586 1319 2650 pro

171 2676 380 2759 eleemosyna
420 2670 590 2756 volentes,
607 2671 752 2736 ¹iuuatlit
786 2681 819 2734 et
864 2668 998 2754 repellit
1057 2673 1128 2756 Ego
1151 2673 1319 2737 multoties

170 2779 305 2840 liberavi
326 2793 486 2858 pauperes
508 2776 550 2839 tle
567 2777 726 2840 morsibus
747 2776 837 2839 illius
847 2761 949 2839 cauis.
972 2777 1161 2855 'I'heuttrpici
1176 2779 1318 2862 recipiunt

169 2883 204 2944 iu
236 2879 291 2943 illo
321 2897 403 2944 caue
434 2891 675 2966 argumentum,
710 2882 796 2980 qpod
823 2883 911 2949 sicut
937 2882 1181 2965 implacabiliter
1211 2884 1316 2946 Italicis

168 2985 367 3049 inimicatur:
391 2985 441 3048 sic
461 2988 610 3051 homiues
623 2967 801 3050 theutonici
820 3005 984 3070 uunquam
996 2991 1121 3072 integro
1142 2988 1239 3052 corde
1257 3008 1315 3053 ouu

170 3089 294 3153 Italicis
316 3091 532 3174 couveuiuut,=
564 3101 597 3154 et
618 3111 638 3154 o
658 3109 835 3176 convers03
865 3111 939 3186 oum
952 3100 955 3108 ⁴
968 3091 1024 3156 illa
1050 3094 1211 3160 iuimIcitia
1231 3097 1314 3158 sitia

170 3201 287 3257 natura
308 3193 460 3258 radicata.
504 3195 572 3260 Seri
594 3199 670 3279 quia
689 3195 794 3260 bestia
815 3179 939 3260 ratioue
960 3207 1051 3262 carot
1075 3200 1315 3283 et‘passiouilros

169 3309 317 3365 movetur
337 3300 575 3365 incessabiliter
604 3302 710 3384 litigat
741 3295 815 3366 cum
835 3302 976 3386 Italicis,
1006 3313 1121 3366 uatura
1128 3305 1314 3388 instigante.

169 3405 328 3472 Ilomiues
349 3422 428 3471 vero
450 3405 572 3472 ratione
594 3422 632 3470 se
653 3407 822 3490 cohibent,
841 3413 875 3468 et
895 3394 1047 3471 affectiim
1064 3379 1248 3494 armano,
1268 3413 1313 3493 qui

169 3509 204 3572 iu
225 3519 340 3572 natura
360 3521 412 3573 est
410 3515 643 3597 ,supprimunt
657 3514 790 3575 rollone.
811 3452 1007 3595 ιιθροιιιιιιι
1024 3515 1171 3580 autefliiu
1187 3515 1313 3599 hospitio

170 3613 289 3676 multos
310 3609 435 3680 uobIles
457 3617 498 3680 de
520 3617 659 3682 diversis
678 3617 823 3700 partibus
830 3615 1040 3702 Germaniae,
1060 3624 1093 3682 et
1114 3615 1257 3701 quostiam
1278 3620 1312 3682 da

170 3715 358 3802 Hungaria,
386 3721 442 3802 qui
463 3721 577 3785 eodem
604 3731 698 3806 voto,
728 3741 793 3805 quo
816 3731 849 3784 et
870 3739 947 3807 uos,
976 3725 1099 3786 astricti
1125 3723 1310 3787 iuteudebaut

170 3839 260 3885 mare
288 3823 427 3886 trausire
457 3821 499 3886 ad
529 3822 768 3888 sanctissimum
794 3825 926 3894 Domini
959 3827 1045 3892 Iesu
1071 3827 1308 3911 septiehmmiu

169 3924 366 3995 Jerusalem.
396 3929 436 3990 Iu
457 3926 531 3990 allis
552 3929 650 3992 etiam
669 3929 817 4012 hospltits
839 3937 932 3994 eraut
952 3932 1062 4017 plures
1085 3933 1126 3996 tle
1146 3931 1306 4016 (lemania,

170 4037 204 4093 at
227 4031 262 4094 iu
293 4031 470 4095 societates
501 4048 540 4096 se
576 4033 863 4119 combinavemut3
896 4041 930 4103 in
957 4057 1023 4103 una
1053 4039 1174 4122 planes,
1200 4037 1229 4101 iu
1252 4038 1305 4100 alia

170 4138 350 4218 pauciores.
393 4135 493 4200 Porro
525 4146 656 4199 nostrae
691 4141 858 4202 societatis
893 4143 1022 4206 luerunt
1057 4143 1131 4206 XII
1158 4145 1300 4227 peregriui,

172 4239 291 4306 domiui
307 4247 339 4308 et
360 4239 449 4304 servi
470 4240 584 4324 simul,
606 4259 740 4324 quorum
760 4243 826 4305 ista
843 4256 935 4310 eraut
958 4249 1097 4312 uomina.
