2716 4798
664 102 727 166 100

121 307 217 374 quem
240 295 347 350 tamen
368 303 429 349 uos
449 303 515 348 non
536 281 764 370 intelleximus,
781 293 816 351 et
834 285 986 351 sermone
1005 283 1096 350 linito
1111 285 1154 350 irr
1170 285 1304 351 domum

122 403 264 458 nostram
288 393 413 455 reversi
435 409 557 454 sumus.

206 497 408 563 Duodecima
436 496 504 579 die,
537 505 698 581 quaeest
726 495 846 580 Nerei,
879 495 1036 580 Achillei,
1068 504 1102 557 et
1130 495 1304 580 Pangrotii

123 614 310 690 martymm,
336 603 563 685 navigavimus
587 601 628 664 ad
650 600 823 664 ecclesiam
846 603 882 670 S.
903 601 1095 685 Zachariae,
1117 611 1152 664 et
1175 603 1304 666 Missae

123 712 169 774 ibi
189 710 403 776 interfuimus.
423 705 504 768 Post
517 707 654 769 Missam
677 705 937 770 denuntiavimus
958 707 1161 770 Abbatissae
1185 727 1302 772 mona-

122 816 212 879 sterii
235 816 354 878 annexi
376 813 549 890 ecelesiae,
563 822 734 897 rogantes:
757 811 885 876 ostendi
907 812 1000 875 nobis
1021 811 1191 896 reliquias.
1220 813 1300 876 Sunt

121 922 208 984 enim
229 920 385 984 moniales
407 918 526 980 divites
557 927 589 980 et
618 915 742 982 nobiles
775 921 857 982 satis
884 919 1067 1001 seculares,
1101 915 1246 981 Ordinis
1268 919 1298 980 S.

120 1026 298 1090 Benedicti.
340 1023 573 1088 Patefecerunt
601 1025 721 1086 autem'
741 1023 835 1086 uobis
860 1042 957 1086 unam
989 1025 1152 1106 tumbam,
1178 1023 1215 1085 in
1241 1043 1299 1108 qua

123 1150 257 1214 corpora
277 1130 403 1194 illomm
426 1132 521 1194 trium
543 1138 729 1214 martyrum,
746 1147 879 1213 quorum
902 1129 1070 1210 disserat,
1091 1129 1296 1212 quieverunt,

121 1237 180 1299 scl.
202 1235 394 1298 Sanctorum
415 1233 526 1316 Nerei,
545 1233 700 1318 Achillei,
722 1241 755 1297 et
774 1235 949 1317 Parrgratii.
992 1237 1031 1296 ln
1052 1235 1116 1296 alia
1137 1244 1295 1318 argentea

121 1341 232 1403 tumba
258 1338 401 1402 vidimus
430 1339 591 1421 integrum
624 1357 742 1422 eorpus
772 1339 971 1422 Zachariae,
999 1341 1102 1422 patris
1130 1339 1293 1403 Johannis

120 1447 306 1528 Baptistae,
327 1461 400 1506 oum
422 1454 532 1526 aperto
555 1465 627 1529 ore,
649 1455 682 1508 et
699 1445 793 1528 juxta
824 1463 897 1508 eum
919 1463 1037 1528 eorpus
1070 1445 1162 1508 beati
1186 1441 1292 1508 Georii

123 1550 345 1632 Naniarrzeni,
374 1557 407 1611 et
429 1567 545 1632 corpus
566 1552 603 1613 B.
626 1550 786 1614 'l'heodori
808 1547 1032 1636 Corrsessoris,
1062 1559 1101 1612 et:
1116 1569 1243 1633 eorpus
1262 1548 1291 1612 S.

123 1655 267 1718 Sabinae
295 1654 445 1738 Virginis
473 1663 507 1717 et
534 1657 695 1738 martyris.
744 1655 882 1718 Miratus
915 1665 1023 1719 autem
1049 1655 1096 1718 ini
1124 1655 1170 1716 de
1198 1657 1292 1718 tantis

122 1759 266 1843 reliquiis
287 1759 374 1822 illius
395 1759 575 1844 ecclesiae,
598 1770 630 1823 et
653 1761 713 1823 fuit
731 1761 808 1824 mihi
830 1760 961 1844 dictum,
987 1761 1072 1845 quod
1093 1761 1163 1823 lilia
1186 1761 1292 1842 cujus-

121 1863 195 1930 dam
216 1865 422 1949 lmperatoris
452 1865 513 1928 fuit
534 1865 578 1929 ibi
599 1865 761 1951 quondam
787 1866 980 1950 Abbatissa,
1009 1867 1064 1950 qui
1086 1867 1126 1928 oh
1151 1885 1290 1930 amorem

122 1972 209 2035 filiae
242 1989 376 2053 corpora
404 1971 462 2033 illa
483 1971 524 2034 ad
544 1975 643 2036 istum
674 1973 780 2035 locum
802 1971 974 2034 transtulit.
1021 1971 1187 2053 Reliquiis
1221 1989 1291 2054 ergo

120 2077 204 2140 visis
225 2085 257 2138 et
279 2075 476 2140 deosculatis
497 2079 622 2140 reversi
638 2093 750 2140 sumus
770 2075 811 2139 ad
832 2077 938 2140 locum
963 2084 1120 2139 nostrum.

212 2179 321 2243 Tertio
343 2177 467 2244 decimo
488 2191 563 2264 post
583 2181 751 2265 prandium
771 2183 998 2266 navigavimus
1012 2181 1052 2244 ad
1067 2180 1102 2242 S.
1129 2179 1292 2243 Andrean

119 2284 162 2348 ad
184 2283 456 2370 carthusienses,
484 2286 539 2350 uhi
567 2295 618 2352 est
643 2287 917 2352 solemnissimum
936 2285 1178 2350 'monasterium
1199 2305 1291 2368 mag·

120 2409 215 2474 rrum3
238 2391 399 2474 propriam
420 2407 585 2476 occupans
598 2392 760 2476 insulam,
790 2399 927 2476 quatuor
953 2391 1078 2454 habeus
1099 2391 1244 2454 ambitus
1264 2399 1292 2453 et

121 2495 223 2558 cellas
251 2514 388 2578 magrras
410 2506 442 2560 et
465 2498 634 2580 pulchras
662 2497 728 2560 lbi
748 2497 860 2582 plures
885 2497 1105 2579 particulares
1138 2495 1292 2578 reliquias

118 2601 277 2685 vidimus,
317 2610 353 2664 ut
380 2601 515 2683 digitum
539 2599 577 2674 ,8.
605 2600 759 2668 Andreae
787 2599 959 2686 Apostoli,
990 2609 1023 2664 et
1056 2601 1227 2665 brachium
1260 2602 1292 2669 S.

118 2705 285 2769 Laurentii
317 2705 470 2788 martyris
508 2713 540 2767 et
570 2714 708 2770 caetera.
757 2707 803 2771 Et
840 2704 959 2772 deiude
1002 2706 1221 2772 remeavimus
1256 2707 1292 2769 ad

118 2809 225 2873 locum
246 2817 400 2872 nostmm.
705 2884 709 2892 Ι

203 2911 326 2990 Quarto
348 2913 472 2978 decima
493 2913 546 2994 die
567 2932 662 2983 mane
673 2915 911 2999 navigavimus
936 2915 978 2979 ad
1003 2915 1236 3000 monasterium
1258 2913 1290 2981 S.

119 3017 245 3103 Georil,
264 3037 306 3082 ex
327 3021 474 3103 opposito
497 3018 609 3104 palatii
627 3016 662 3086 S.
683 3021 916 3103 Maroi„ultra
936 3022 1050 3084 canalo
1071 3037 1239 3102 maguum,
1260 3027 1288 3082 et

116 3125 256 3188 Missam
277 3123 319 3187 de
339 3123 375 3187 8.
399 3121 519 3189 Georlo
541 3129 665 3190 cantari
696 3126 832 3190 lecimus
860 3127 1035 3192 monachos
1055 3124 1143 3188 illius
1175 3143 1289 3188 mona-

117 3233 207 3292 sterit
213 3275 224 3314 ,
264 3239 297 3292 et
325 3238 399 3314 post
419 3227 558 3294 Missam
591 3229 711 3294 multas
748 3231 900 3314 reliquias
938 3229 1150 3294 ostenderunt
1184 3231 1287 3311 nobis,

117 3335 242 3398 scilicet
263 3345 368 3420 caput,
384 3335 551 3400 sinistrum
568 3335 732 3398 brachium
749 3353 823 3400 cum
844 3337 975 3418 integra
993 3354 1091 3398 mauu
1108 3332 1143 3396 S.
1161 3331 1288 3417 Georii3

119 3447 215 3522 capnt
247 3444 343 3503 etiam
365 3440 400 3503 S.
422 3441 539 3504 Jacobi
568 3440 718 3523 Apostoli
746 3441 894 3525 minoris,
920 3449 953 3502 et
987 3457 1105 3523 eorpus
1128 3442 1288 3522 integrum

117 3540 153 3607 8.
182 3541 275 3605 Pauli
307 3545 410 3608 Ducis
444 3542 802 3628 constantinopolitani,
839 3554 873 3608 et
914 3543 1033 3627 petiam
1068 3543 1109 3605 de
1152 3547 1287 3628 spongia

116 3643 261 3729 Domini,
283 3657 315 3711 et
337 3649 401 3712 alia
420 3647 531 3733 plu'rat
553 3651 627 3714 istis
647 3651 731 3714 visio
753 3650 984 3714 remeavimus.
1008 3645 1152 3732 (11οΑ)

200 3746 321 3827 Quinta
356 3753 482 3818 decima
503 3755 566 3839 die,
593 3773 678 3838 qnae
699 3754 760 3817 fuit
781 3763 898 3818 octava
915 3753 1131 3817 Ascensionis
1151 3753 1288 3839 Domini,

117 3864 151 3918 et
172 3873 276 3938 aeque
304 3856 458 3942 celebris,
488 3869 524 3922 ut
550 3861 625 3942 ipsa
650 3859 754 3941 prima
775 3859 864 3942 dies,
896 3857 1103 3923 ascendimus
1132 3877 1227 3923 mane
1249 3859 1287 3924 ad

116 3957 152 4021 S.
171 3958 335 4046 Marcum,
353 3971 386 4024 et
406 3963 512 4025 Missa
532 3961 642 4026 audita
663 3963 902 4028 demonstratus
925 3964 987 4026 luit
1008 3965 1100 4028 nohis
1123 3963 1158 4028 S.
1180 3965 1282 4029 Marci

116 4065 287 4129 thesaurus
308 4067 553 4150 inaestimabilis
575 4069 607 4130 in
629 4087 725 4150 auro,
753 4070 897 4151 argentis
919 4077 952 4131 et
973 4067 1134 4150 lapidibus
1164 4075 1283 4153 pretio·

116 4169 265 4234 cissimis.
293 4171 342 4233 Ibi
363 4172 503 4234 tumbam
526 4190 598 4234 cum
621 4171 813 4254 corpores·
836 4174 953 4236 Isidori
977 4173 1128 4238 vidimus.
1162 4173 1285 4259 Corpus
