2644 4786
721 141 787 204 lis

170 333 208 388 nt
228 319 406 406 Apostolus
425 319 522 388 Rom.
545 323 586 405 l.,
616 322 672 386 vel
685 321 962 405 eonremplnivis
988 331 1028 384 et
1047 321 1177 402 ιοιίιίις
1193 319 1242 382 rell

169 429 275 513 gtosn
293 435 328 488 et
347 426 585 512 ιιοοιιΙιιίΙιιιιις
607 427 708 510 justis
728 433 763 490 et
785 428 1052 509 poeeawribus3
1087 427 1176 490 bonis
1192 435 1248 487 ιιι
1268 467 1269 482 r

169 537 213 596 Et
234 540 358 596 tanturn
378 530 420 594 de
439 531 510 596 lroe.
614 552 621 568 ·

168 779 228 858 De
245 787 357 884 ponte
380 782 551 858 torrentis
565 779 729 875 Cedreu,
748 790 788 857 et
809 779 856 857 de
872 781 1049 858 transitu
1068 773 1189 881 pontis
1205 795 1269 846 sure

247 963 388 1050 Speoum
408 961 517 1044 ilum,
542 940 793 1050 eo'perspeeto,
823 974 986 1027 exeuntes
1014 977 1093 1024 non
1128 952 1269 1038 ampliasti

169 1063 413 1149 eendlmns„et
433 1067 505 1150 via,
526 1085 591 1151 qua
610 1073 830 1161 veneramus,¹
859 1069 994 1132 reversi
1028 1081 1156 1128 snmus
1184 1073 1269 1142 nsque*

168 1173 369 1262 pyramidem
390 1167 465 1254 (ΙΙ)
485 1171 662 1259 Josaplral,
676 1173 892 1260 juxtasqnem
912 1191 1001 1257 pons
1025 1167 1197 1252 lapideus,
1222 1177 1269 1224 artu

168 1299 269 1362 opere
299 1279 424 1360 faetus,
454 1284 628 1342 torrentem
658 1281 858 1350 transmittit.
898 1279 957 1341 Ad
984 1283 1141 1361 pontem
1163 1289 1228 1352 ergo
1249 1267 1269 1332 il

168 1384 440 1464 secessimus,·et
461 1385 537 1444 ante
560 1370 690 1446 eumin
711 1386 872 1448 oratione'
888 1383 988 1467 positi
1024 1367 1269 1460 indulgentiutl

167 1489 333 1573 plenariae
352 1487 551 1550 remissionis
573 1491 765 1570 recepimus,
789 1489 934 1555 'l'raduut
955 1491 1054 1552 enim
1078 1473 1269 1552 historiaedi

167 1611 295 1675 eorum,
317 1600 351 1653 et
369 1579 529 1674 Magister
550 1593 584 1654 in
605 1591 702 1675 Spee.
725 1591 811 1657 Hist.
833 1593 930 1676 hujus
960 1594 1051 1656 laeti
1077 1585 1269 1663 monialae

167 1697 243 1761 dum
265 1695 419 1758 Salomon
441 1696 569 1762 domum
590 1698 694 1761 saltus
715 1699 832 1762 Libani
851 1699 1068 1780 aedificaret,
1090 1693 1199 1765 ,venit
1216 1683 1269 1747 nii

166 1803 228 1869 bus
249 1801 291 1864 ad
317 1819 446 1864 manum
478 1801 640 1885 quoddam
667 1803 806 1888 lignum,
837 1799 1003 1887 truneus,
1029 1815 1142 1887 quem
1167 1793 1206 1857 ad
1220 1787 1269 1852 mlle

167 1907 273 1974 locum
303 1915 451 1990 poterant
484 1916 613 1992 aptare,
645 1917 682 1970 et
703 1929 741 1972 eo
774 1906 900 1992 abjee'to
922 1909 1061 1994 quidam
1093 1897 1269 1972 trahendi

167 2015 265 2078 traxit
285 2013 434 2076 deorsum
455 2013 490 2074 in
512 2023 703 2096 torrentem,
726 2023 759 2077 et
780 1996 973 2098 peditarium
994 2021 1141 2097 pontem
1161 2019 1239 2084 super
1250 2009 1269 2054 il

166 2125 291 2182 rentem
314 2137 355 2180 ex
376 2135 415 2180 eo
437 2116 517 2180 feeit
537 2120 571 2182 ln
593 2120 656 2182 hoe
678 2116 760 2182 loeo.
789 2121 877 2182 llum
897 2138 976 2202 ergo
997 2121 1123 2202 regina
1143 2110 1229 2184 Sabo,
1243 2113 1269 2182 qu

167 2233 201 2287 et
220 2221 418 2307 Sibyllarum
451 2241 518 2285 rina
546 2223 653 2286 luisse
668 2223 819 2308 ⁶dieitur,
855 2227 900 2288 ibi
925 2243 1001 2287 eum
1036 2239 1124 2306 rege
1150 2215 1269 2299 perimil

167 2328 285 2412 vellet,
305 2320 429 2391 uidens
445 2327 567 2410 lignum
589 2329 772 2412 obstupuit,
805 2329 983 2394 eredens
1003 2331 1040 2392 in
1063 2309 1269 2392 tomeriensi

167 2435 269 2516 ravit,
292 2441 324 2494 et
345 2434 455 2497 erucis·
472 2435 629 2516 mysteria
651 2435 721 2516 regi
750 2437 927 2518 reseravit,
959 2434 1097 2498 dicens:
1133 2431 1193 2492 hoe
1209 2420 1269 2498 igni

172 2536 355 2602 Salvatoris
385 2554 513 2602 enicem
545 2538 696 2628 futurum.
746 2539 883 2622 Propter
913 2539 1001 2623 qnod
1028 2537 1186 2604 smenon
1212 2522 1269 2586 mle

167 2643 351 2728 indormit,
373 2657 511 2726 eumque
531 2661 631 2726 prope
651 2643 805 2727 templum
826 2646 1013 2709 viseeribus
1044 2654 1154 2708 temo
1171 2638 1269 2696 iffi*

166 2759 203 2813 ut
224 2758 313 2833 patet
341 2748 395 2812 sol.
419 2747 552 2812 ituris.
604 2749 647 2811 lit
668 2748 739 2812 loeo
762 2751 863 2812 trahis
883 2749 985 2812 ablati
1007 2749 1091 2814 feeit
1118 2742 1185 2810 lieri
1201 2739 1269 2818 portu

167 2855 351 2941 lapideum,
375 2854 422 2918 et?
428 2873 488 2938 per
507 2856 594 2919 hune
614 2863 745 2937 pontem
766 2871 868 2938 saepe
891 2852 1053 2919 Dominus
1085 2846 1225 2918 tramitti
1238 2847 1269 2892 ru

168 2962 238 3023 suis
260 2959 446 3042 discipulis,
469 2960 599 3044 qnando
619 2959 675 3022 vel
696 2959 798 3022 voluit
820 2963 871 3022 ire
889 2961 922 3023 in
947 2970 1089 3024 montem
1114 2947 1231 3024 oliveti,
1249 2927 1269 3016 li

167 3068 202 3128 in
223 3065 430 3147 Bethaniam,
464 3075 496 3128 et
524 3083 594 3149 per·
610 3083 684 3128 eum
721 3065 783 3127 suit
815 3064 935 3128 duetus
962 3066 998 3128 in
1030 3064 1161 3129 domun
1183 3054 1269 3118 fimi*

167 3169 231 3235 Per
251 3170 338 3234 hune
360 3167 468 3232 loeum
495 3153 589 3233 etiam
614 3177 787 3236 torrentem
804 3169 933 3234 cedron
952 3169 1106 3234 sensim
1128 3162 1210 3230 uadit
1222 3143 1269 3234 lii

167 3277 230 3341 bus
251 3294 325 3339 eum
347 3277 498 3338 universo
520 3269 639 3357 popirlo
665 3294 723 3337 rex
744 3273 862 3356 David,
885 3274 1011 3358 quando
1033 3275 1121 3358 fugit
1140 3271 1177 3333 de
1190 3264 1264 3326 leil*

168 3381 233 3446 lem
254 3379 378 3444 asaele
401 3380 591 3463 AbsaloniS,
610 3378 670 3442 lilii
691 3381 768 3442 sui·
793 3379 837 3440 Et
858 3381 904 3442 ibi
925 3382 1022 3443 etism
1035 3383 1195 3442 steterunt
1208 3373 1264 3428 Μ’
1268 3385 1269 3450 l

169 3485 356 3549 dotes-eum
377 3505 453 3550 area
473 3475 613 3568 Domini,
635 3484 739 3548 donee
760 3485 936 3548 universus
956 3485 1094 3568 populus
1116 3469 1263 3569 pertransiri

166 3597 203 3653 nt
223 3589 358 3655 habetur
376 3593 399 3657 2
416 3591 499 3675 lleg.
519 3589 567 3654 15.
589 3592 628 3653 ln
648 3591 711 3653 hoe
733 3607 812 3672 ergo
831 3591 904 3654 loeo
926 3607 1000 3654 enm
1014 3592 1178 3673 gran-itate
1196 3581 1263 3665 poue

167 3700 562 3781 sanetumtransivimus,
585 3703 620 3760 et
640 3715 699 3779 per
721 3696 841 3762 olivum
862 3695 1070 3779 praeeipitem
1091 3691 1190 3760 mund
1206 3682 1265 3748 moui

166 3797 260 3885 Syon
282 3801 501 3886 ascendimus,
523 3820 700 3885 perquem
722 3812 773 3866 est
794 3801 953 3872 Dominus
962 3801 1065 3867 Jesus
1085 3801 1193 3885 tignus
1203 3789 1261 3853 lunt

167 3902 209 3968 de
228 3905 321 3970 horto
342 3907 376 3968 in
399 3906 527 3972 domum
548 3907 687 3972 Hennae
704 3907 878 4009 pontilicis.
917 3905 1002 3970 Cum
1026 3896 1263 3978 antemodani

168 4011 274 4076 saneti
297 4027 452 4074 eaeumen
472 4014 698 4097 venissemus,
725 3999 929 4076 eondi'rdmus
949 4013 1061 4096 nobis,
1082 4011 1163 4097 quod
1178 3989 1260 4071 „oroi

164 4125 274 4182 stante
295 4113 492 4180 calidissimo
515 4118 585 4198 die,
617 4117 705 4180 laeto
733 4117 889 4201 prandio,
908 4118 1071 4182 vellemus
1090 4127 1204 4182 meten
1222 4113 1262 4165 il*

166 4211 243 4276 dnm
264 4235 284 4276 a
302 4217 396 4277 nobis
415 4219 546 4278 visitata
559 4219 606 4278 fin
639 4219 774 4282 eirenilu
797 4223 913 4284 montis
936 4221 1029 4305 Syon
1051 4222 1123 4286 loea
1141 4211 1258 4288 malturt-
