2608 4842
702 7 768 92 icc

126 224 128 230 ’
161 223 196 282 et
225 215 291 280 luti
311 214 382 277 tuit.
423 213 461 280 in
489 211 553 277 inu
579 209 738 293 spetunca
766 210 799 273 in
833 207 937 272 facies
969 212 1119 272 nostrus
1152 204 1291 288 procidis

162 325 333 406 precautes
353 317 416 380 Dei
441 315 712 402 misericordium,
734 325 765 378 et
787 311 1013 398 indulgentius
1035 313 1249 395 accepimns
1266 313 1291 392 (fr

163 578 223 659 De
258 581 364 677 lucc,
399 583 436 658 in
478 604 548 681 quo
578 579 714 656 Judaei
757 577 928 656 volebant
963 577 1185 681 Apostolis
1227 599 1291 694 corp

234 703 364 782 beatae
387 703 552 803 Virginis
575 724 724 806 rapere,
749 699 833 776 dum
856 699 946 778 illud
970 701 1020 776 ad
1042 699 1281 810 sepulchra·

651 821 847 898 deferrent.

250 991 408 1074 Acceptis
442 988 654 1072 indulgentiis
675 989 934 1074 reascendimus,
956 997 990 1053 et
1025 989 1170 1053 domum
1194 1004 1287 1051 exeun

166 1105 279 1160 contra
298 1096 417 1160 vallem
433 1095 671 1186 descendimus,
690 1104 830 1159 montem
842 1077 962 1158 Oliueti
982 1095 1153 1158 hebentes
1183 1115 1223 1156 ex
1242 1111 1287 1174 epp

163 1201 226 1265 'sito
249 1204 556 1283 contundentem,
580 1208 612 1262 et
633 1199 799 1267 civitatem
820 1199 1005 1264 Jerusalem
1031 1197 1075 1262 ad
1098 1201 1287 1264 sinistram!

164 1307 337 1370 ecetesiam
353 1294 451 1390 ¹Syun
473 1306 513 1369 ad
536 1305 692 1368 dextram.
728 1305 782 1368 Ad
804 1305 910 1367 locum
939 1314 1047 1366 autern
1077 1305 1249 1385 venimus,
1270 1303 1287 1362 ι’·

162 1409 281 1474 Judeei
301 1411 365 1474 huc
385 1411 591 1493 sacrilegium
612 1418 798 1493 perpetrare
819 1411 928 1473 conati
940 1405 1036 1476 sunt.
1058 1407 1231 1474 Defunctu
1248 1369 1291 1469 ent

164 1515 399 1598 gloriosissimi
424 1512 562 1598 Virgine
588 1513 711 1599 Maria,
731 1533 805 1578 curn
826 1532 943 1597 corpus
979 1517 1050 1596 ejus
1072 1536 1139 1600 per
1162 1475 1291 1598 Apostrtd

167 1619 339 1682 demente
370 1617 461 1702 Sycn
494 1619 689 1704 deterretur,
724 1630 760 1683 ut
782 1606 865 1683 nturi
892 1618 1079 1702 sepulturae
1110 1611 1291 1683 trudereut‘d

163 1723 251 1787 valle
280 1723 458 1808 mephat,
492 1734 524 1786 et
548 1743 621 1787 cum
644 1735 742 1788 cantu
764 1732 798 1788 et
819 1726 943 1788 laetitia
962 1710 1207 1787 descenderent
1231 1707 1291 1802 usqu

161 1829 242 1895 hue:
284 1847 363 1894 ecce
382 1828 516 1911 Iudaei,
549 1831 679 1913 cognita
700 1849 801 1894 eausa
821 1827 907 1894 itlius
927 1831 1163 1914 processionis,
1191 1827 1291 1892 deciri

162 1927 323 1999 tetecum
351 1937 450 2000 armis
472 1943 665 2019 eruperunt,
688 1943 722 1998 et
744 1939 778 2000 in
806 1945 942 2000 turmam
966 1935 1076 1998 officio
1103 1937 1291 2017 exsequium

168 2041 420 2104 deservientium
460 2048 492 2102 et
525 2040 678 2104 feretrum
716 2039 998 2105 concomitantium
1030 2058 1070 2103 se
1113 2043 1291 2170 ingesseruup

164 2163 286 2228 eosque
307 2153 397 2208 stare
419 2145 582 2228 fecerunt,
611 2146 694 2210 furio
725 2147 839 2210 iniecti
869 2147 992 2210 veteris
1017 2146 1081 2208 odii
1117 2155 1229 2208 contra
1248 2143 1291 2226 gin

165 2253 282 2314 riusnm
308 2249 488 2335 Virginem.
542 2250 757 2314 Intendebent
791 2253 876 2314 enim'
913 2269 1032 2334 corpus
1072 2223 1291 2313 sacratissinrd

165 2375 293 2441 rupere,
316 2367 350 2420 et
371 2365 534 2439 tamquam
554 2356 699 2419 'cadaver
720 2355 868 2419 odiosum
889 2356 1061 2440 projicere,
1083 2363 1120 2418 et
1149 2345 1291 2438 discipulos*

166 2461 362 2545 dispergere.
417 2461 557 2535 Stabant
587 2470 712 2544 nutem,
743 2469 776 2523 et
808 2464 944 2526 vocibus
974 2463 1101 2544 mugnis
1130 2461 1291 2524 clumnbrn:

56 2585 58 2590 ’
165 2567 294 2630 themeu
325 2566 448 2630 kesenu
478 2570 503 2633 i.
527 2587 555 2630 e.
589 2567 713 2651 pollute
741 2568 902 2630 meretrix.
946 2566 1039 2629 Unus
1072 2575 1178 2628 autem
1209 2567 1244 2629 de
1263 2569 1291 2626 e's

165 2670 319 2733 audacter
349 2669 511 2733 accedens
551 2679 585 2734 et
621 2681 756 2755 utruque
784 2691 881 2737 manu
908 2671 1049 2734 loculum
1078 2669 1291 2756 arripiens,ri

167 2781 286 2836 terram
314 2790 388 2836 eum
421 2791 556 2856 corpore
585 2794 681 2841 sucro
712 2778 889 2841 conabatur
921 2775 1069 2859 dejicere.
1118 2777 1184 2840 Sed
1213 2781 1291 2842 stutin

164 2887 201 2941 ut
233 2878 381 2942 menibus
417 2878 571 2944 feretrum
603 2875 753 2966 contigit,
790 2882 903 2944 ambae
935 2899 1049 2944 munus
1080 2899 1150 2947 cum
1184 2885 1291 2946 brachiis

165 2987 331 3063 aruerunt,
353 2973 390 3042 ut
409 2987 517 3047 trunci
538 2987 669 3050 inutiles
690 2987 910 3071 dependentes
944 2971 1046 3066 (101
1057 2985 1118 3068 Α).
1159 2987 1248 3053 Porro
1265 2975 1291 3050 rt

164 3081 227 3151 linc
251 3084 431 3169 prodigium
453 3089 627 3154 miseritis
652 3101 880 3176 compunctus,
912 3099 946 3155 et
967 3092 1023 3154 alii
1045 3091 1214 3158 adversarii
1232 3115 1289 3159 con

165 3185 269 3258 territi
293 3185 423 3255 stnbunt
449 3194 563 3258 timore
584 3205 617 3259 et
637 3198 829 3261 confusione
856 3177 952 3282 pleni.
995 3195 1189 3281 paralyticus
1209 3211 1289 3264 uuten

162 3300 263 3383 jussit
283 3297 415 3362 brachiu
437 3299 654 3390 dependentis
674 3301 736 3365 sibi
757 3319 857 3386 super
885 3319 1003 3386 cerpus
1024 3321 1146 3367 sacrum
1163 3309 1247 3388 poni,
1267 3317 1287 3368 et

165 3407 294 3467 stastim
328 3413 463 3468 mustus
492 3403 698 3469 christianus
730 3404 870 3470 effectus
901 3415 965 3477 est.
1017 3405 1140 3472 caeteri
1167 3431 1238 3476 vero
1266 3416 1288 3473 iu

165 3507 330 3569 civitatem
352 3510 479 3574 confusi
501 3512 678 3594 redierunt,
711 3514 744 3573 et
766 3510 942 3595 discipules
956 3505 1037 3576 'sum
1068 3531 1153 3578 sacru
1179 3535 1286 3600 corpore

165 3607 255 3674 niiire
284 3615 501 3694 permiserunt
516 3617 566 3679 ‘in
596 3617 701 3680 locum
746 3615 935 3699 sepulturae
965 3619 999 3680 iu
1029 3601 1225 3684 Gethsumini.
1260 3625 1285 3685 lu

165 3718 228 3781 hoc
249 3733 326 3801 ergo
347 3717 419 3782 locu
441 3719 543 3785 Salve
564 3721 694 3807 Regina
714 3721 868 3806 legimus,
891 3731 923 3787 et
944 3721 1146 3807 indulgentiis
1170 3732 1284 3814 receptis

166 3825 361 3887 recessimus
380 3824 454 3908 (ἦ),
482 3901 488 3912 ‚
