2596 4788
685 171 751 238 llll

135 360 220 426 sicut
239 353 369 440 virg-ta
387 351 467 418 lumi
487 349 671 416 neandens
693 351 825 436 gracilis
853 360 903 414 et
937 346 1134 426 delicata,
1151 339 1234 406 diren

135 469 309 530 menuata
329 457 521 542 disciplinis,
542 465 576 520 et
597 467 802 520 concremata
830 459 955 522 intus
985 449 1166 516 necandis
1184 449 1239 530 piii

136 576 171 632 et
202 585 275 630 cum
307 561 463 628 ineffabili
495 560 655 626 desideria
686 560 791 625 tendit
819 563 984 625 festiva
1027 557 1081 620 ad
1120 555 1235 617 mentis
1277 605 1278 610 ,

135 671 255 738 oliveti
266 685 433 752 mcumeu,
454 663 540 730 uude
561 665 775 731 descenderat
797 667 1047 752 regrediens
1069 661 1122 726 ad
1141 661 1253 722 leeun¹
1278 679 1280 712 f

136 777 239 844 monis
259 775 409 857 nonan,
440 771 483 836 ad
505 790 601 855 quem
638 780 798 855 tamquam
828 775 915 846 iam..
954 771 1018 834 ad
1059 768 1183 830 fllium
1211 781 1280 824 ιιιι

137 884 306 966 migrabat.
350 878 415 943 Ubi
436 875 512 942 dum
533 885 639 957 esset,
672 877 812 960 vestigia
832 877 1063 961 praedicta
1092 873 1229 937 crebris
1252 869 1280 926 ir

136 989 234 1054 rebat
254 983 394 1066 escarlis,
412 989 446 1044 et
465 998 553 1044 nuuc
574 980 687 1046 oeulos
711 1001 798 1046 nnnc
818 1001 958 1046 marrus
991 982 1044 1044 in
1075 977 1225 1042 coelum
1243 974 1280 1033 le*

135 1103 168 1158 οι
191 1091 300 1158 multis
320 1087 449 1174 gaudiis
471 1086 516 1150 ibi
543 1085 747 1150 afficiebatur
776 1107 817 1153 ex
840 1108 898 1172 ec,
925 1085 1064 1172 quod
1094 1085 1155 1147 ibi
1188 1081 1251 1144 tilia
1267 1096 1280 1138 n

135 1200 199 1264 sibi
220 1197 379 1262 maximus
410 1193 512 1256 beuor
533 1191 595 1254 suit
626 1192 805 1276 exhibitus,
836 1193 999 1276 quando
1046 1209 1154 1254 caro
1187 1187 1258 1266 illa,

134 1307 208 1389 ipsa
227 1307 400 1388 genuerat,
421 1314 520 1378 super
541 1315 653 1360 omnes
683 1297 794 1362 coetos
815 1299 934 1362 abbinc
968 1298 1070 1364 fuit
1099 1292 1269 1357 exaltata

137 1409 209 1474 loco
231 1405 385 1472 derelicm
406 1401 533 1466 demum
555 1400 660 1464 redire
691 1405 877 1491 satagebat,
908 1413 941 1466 et
975 1410 1184 1466 montem
1216 1395 1280 1457 dest

136 1515 170 1576 in
192 1511 281 1592 loce,
312 1511 345 1572 in
367 1525 431 1597 quc
452 1506 591 1590 apostoli
624 1505 824 1590 symbolum,
856 1496 947 1592 qued
975 1511 1094 1591 ipsa
1125 1521 1200 1566 ees
1234 1499 1280 1560 doc

136 1614 357 1696 condiderunt,
379 1614 489 1698 ibique
516 1611 679 1695 paululum
697 1615 806 1676 stabat
827 1632 885 1696 pre
901 1613 991 1676 tidei
1022 1608 1250 1674 cultoribus
1266 1622 1280 1661 ι

134 1718 215 1784 lude
244 1716 459 1801 progrediens
489 1715 532 1780 ad
567 1716 690 1799 lecum,
733 1718 789 1780 ubi
818 1719 983 1782 Dominus
1041 1717 1242 1780 docuerat
1272 1705 1280 1766 l

135 1831 264 1906 nester,
286 1823 392 1904 stetit,
411 1829 446 1886 et
467 1821 557 1885 dicta
577 1822 722 1902 eratione
743 1821 856 1886 eadem
877 1841 1111 1906 progressa,
1140 1821 1183 1882 in
1208 1817 1278 1878 lece

135 1939 209 1994 ecto
229 1927 446 1996 beatitudines
478 1926 609 1992 ruennt
643 1921 866 2012 praedicatae,
897 1929 1040 2010 gratias
1073 1928 1179 2009 egit.
1226 1919 1280 1980 Et

134 2037 168 2099 n
189 2035 295 2098 rosum
318 2015 505 2117 edenda,
528 2033 562 2095 n
593 2049 657 2116 quo
692 2029 844 2094 cnaeus
879 2052 952 2096 eum
985 2027 1210 2115 usurpans
1237 2035 1278 2084 sc

138 2139 289 2202 terribilia
322 2141 458 2202 extremi
486 2138 602 2220 judicii
634 2141 683 2202 eis
717 2138 891 2222 praedixit,
924 2146 959 2200 et
993 2141 1053 2202 ibi
1100 2132 1280 2200 omuoner

135 2244 288 2308 clementi
308 2242 453 2307 adventu
470 2244 549 2324 tufa,
569 2259 745 2333 progressa
766 2241 808 2306 ad
829 2242 909 2307 illud
930 2243 1169 2306 domicilium
1191 2233 1273 2298 venit

137 2366 201 2434 quo
224 2348 374 2432 superius
404 2350 439 2412 in
468 2349 600 2414 exordio
603 2349 898 2448 peregrinationis
925 2348 1175 2411 beatissimae
1198 2339 1280 2416 Virfflt

134 2451 262 2516 libariae
292 2453 359 2518 dixi
388 2454 501 2534 tuisse
529 2454 636 2517 locum
664 2472 745 2518 suae
772 2454 972 2538 pausationis
1002 2463 1039 2516 et
1080 2447 1279 2554 respiratui

134 2559 293 2642 Tempore
325 2561 411 2623 euim
441 2559 529 2621 vitae
562 2559 768 2622 beatissimae
788 2559 936 2642 Virginis
965 2560 1111 2622 Mariae
1145 2539 1279 2618 stabnt

135 2659 347 2748 domicilium,
382 2666 417 2726 in
439 2681 503 2747 qao
534 2665 726 2728 babitabant
754 2665 830 2728 boni
844 2681 1019 2748 pauperes
1052 2662 1268 2736 nominent
1267 2685 1278 2725 ι

137 2769 290 2837 videntes
308 2768 456 2842 sedulum
476 2767 616 2852 virginis
636 2770 806 2832 transitum
827 2771 931 2853 ipsam
952 2770 1217 2844 invitaverunt,
1236 2751 1278 2818 „ri

135 2871 249 2935 umbra
269 2872 389 2944 sedens
410 2874 611 2968 refrigerium
642 2875 821 2957 acciperet,
848 2891 933 2958 qnae
955 2874 1160 2958 frequenter
1188 2875 1270 2949 egr&

135 2975 273 3061 resedit,
295 2981 449 3059 pausavit
486 2967 708 3065 et'virgr‘neis
741 2997 780 3044 ac
809 2979 958 3044 delicatis
986 2982 1160 3046 membris
1183 2971 1270 3058 quiete

135 3080 254 3144 tribuit.
296 3081 511 3164 nequamus
533 3085 708 3150 enlabore
738 3086 828 3149 fessa
851 3095 884 3150 et
905 3086 995 3150 lassa
1023 3105 1095 3150 ncn
1134 3079 1246 3154 fuerit,
1260 3085 1271 3126 Λ

135 3185 322 3271 privilegio,
343 3186 405 3250 boc
425 3195 533 3251 tamen
553 3190 757 3273 privilegium
785 3211 827 3256 ex
848 3193 1028 3256 hnmilitate
1051 3191 1200 3268 celavit,
1222 3180 1271 3240 ΛΛ

134 3293 340 3379 privilegium
370 3295 567 3379 virginitatis
594 3298 635 3374 in
660 3297 903 3382 purificatione,
926 3303 970 3360 et
999 3296 1215 3380 privilegium
1241 3283 1270 3342 ἰΛ

134 3401 299 3477 munitatis
335 3419 356 3463 a
393 3399 505 3463 dolore
544 3400 578 3462 in
614 3402 685 3464 suis
729 3403 882 3466 extremis
916 3401 1003 3486 quod
1038 3401 1145 3466 etiam
1191 3381 1271 3458 „eun

134 3503 331 3570 decumbens
352 3504 470 3570 lectulo
491 3513 527 3568 ιιι
546 3505 689 3588 iniirnra,
710 3515 745 3568 ut
750 3515 856 3592 patet
876 3506 931 3571 t’ol.
955 3506 1027 3572 105.
1047 3506 1092 3574 Α.
1138 3489 1271 3570 ltesutttili

133 3623 213 3686 ergo
233 3610 378 3694 viribus,
399 3629 464 3674 non
483 3608 674 3694 deperditis,
701 3609 761 3674 sed
781 3612 952 3695 suspensis
974 3612 1008 3674 in
1027 3610 1100 3674 loce
1123 3603 1266 3695 praediviti

133 3705 302 3774 descendit
324 3715 365 3778 ad
386 3716 504 3790 mentis
525 3713 683 3778 radices
673 3734 707 3778 ιιι
728 3715 865 3799 vallem,
893 3725 927 3780 et
947 3715 992 3780 ibi
1012 3716 1156 3780 visitatis
1183 3699 1266 3814 septb

134 3811 221 3894 chris
247 3819 446 3894 quamndam
477 3819 704 3905 prophetarum
735 3821 776 3884 ad
808 3820 1015 3904 sepulchrum
1043 3821 1094 3884 sui
1123 3803 1264 3884 castissid

137 3908 249 4002 spon'si
267 3925 300 3979 et
321 3919 423 3996 (155
434 3925 487 4000 Α)
509 3927 630 4009 mariti,
651 3926 759 3988 sancti
779 3925 923 4008 Jcsepb,
944 3925 1101 4008 pervenit,
1121 3928 1172 4012 qui
1188 3915 1260 3988 ibib

136 4021 292 4086 foramine
312 4030 424 4102 petrae
445 4037 513 4092 erat
544 4029 708 4114 sepultus,
741 4039 817 4094 ante
847 4029 935 4114 quod
963 4029 1162 4112 sepulchrum
1190 4033 1253 4092 stant

135 4128 273 4196 dulciter
293 4123 502 4195 alliciebatur:
556 4134 636 4196 lnde
656 4135 923 4198 autem'trausito
943 4142 1042 4219 ponte
1064 4138 1194 4198 torrentis
1215 4145 1253 4194 re·

111 4231 279 4306 ‘aseendit
300 4232 334 4296 in
356 4238 497 4295 mentem
516 4231 626 4312 Sym,
656 4238 711 4296 ubi
733 4236 808 4300 durn
830 4245 936 4319 esset,
958 4236 1100 4302 ascendit
1116 4239 1146 4302 in
1163 4241 1246 4310 roem,
