2792 4778
671 117 736 186 lat

121 305 226 374 tribus
250 303 365 372 diebus
395 300 620 388 resolventur,
656 320 741 387 qnae
770 302 804 366 in
825 301 901 368 aliis
934 301 1139 369 coemeteriis
1171 301 1238 366 vix
1266 302 1305 366 in

121 413 242 480 xvm.
265 412 360 474 annis
380 409 422 474 sd
442 409 573 494 plenum
594 417 838 476 consumuntur.

204 517 305 582 Porro
326 515 368 579 de
388 515 521 602 triglute
543 515 687 586 dmariia
721 516 787 600 legi
807 511 969 602 quandem
1001 512 1132 597 longm
1154 519 1187 574 et
1213 527 1305 576 ver-

121 627 232 690 hesem
254 623 430 704 historiam,
452 637 537 706 qnae
559 619 659 706 dicit,
681 621 1027 708 qned'l'harc,1rater
1046 616 1216 700 homnae,
1238 633 1306 680 eos

121 727 163 793 ad
182 730 348 812 imperinm
358 727 439 792 Nlni
460 727 548 812 regis
565 727 702 810 cederit,
714 743 793 796 ωιιι
809 726 882 793 aliia
900 723 1045 809 ejusdem
1061 739 1305 808 percussurae,

122 841 153 898 et
175 834 340 898 Abraham
361 849 420 896 cos
441 833 606 916 accipiens
636 835 672 897 in
693 842 812 901 terram
833 833 918 902 hanc
942 830 1076 916 detulit,
1103 848 1124 891 a
1144 847 1212 914 que
1236 845 1307 912 per

121 957 310 1004 successum
331 938 461 1020 lamaeli
482 947 560 1007 aurrt
579 937 706 1021 traditi,
743 941 922 1024 numquam
939 937 981 1005 alt
1009 937 1151 1007 invicem
1181 933 1303 999 divisi.

122 1045 193 1110 llos
213 1043 398 1108 ismaelites
418 1038 578 1110 dederunt
609 1044 686 1111 wis
713 1044 819 1115 Jacob
843 1064 902 1128 pra
935 1041 1066 1126 loseph
1096 1041 1197 1106 tratre
1220 1056 1304 1120 suo,

122 1169 217 1234 quem
239 1147 452 1221 vendiderant
472 1149 677 1232 eia‚'fratrea
699 1158 807 1217 aetem
829 1167 887 1221 sos
908 1151 943 1215 in
963 1149 1153 1231 Aegypmm
1177 1151 1305 1228 porta-

121 1264 256 1335 verunt,
276 1274 333 1337 pro
356 1254 516 1322 frumento
538 1264 739 1340 exponentes
760 1273 827 1320 eos.
854 1256 924 1326 lt·
937 1253 980 1318 tle
999 1253 1155 1336 demto
1178 1258 1304 1314 trans-

121 1361 214 1424 missi
240 1369 317 1424 aunt
337 1359 371 1424 in
399 1359 489 1425 Saba
519 1365 686 1444 regionem
711 1379 771 1444 uro
808 1360 1033 1455 mercimoniis.
1076 1357 1148 1422 llos
1179 1357 1329 1438 regins,

122 1463 210 1531 Saba
232 1465 344 1532 obtulit
367 1463 535 1531 §domeni
554 1467 640 1531 inter
661 1468 892 1549 aliamnnera,
905 1467 961 1550 qui
986 1481 1044 1528 eoa
1062 1464 1097 1528 in
1112 1459 1305 1546 gazophy-

122 1569 238 1634 lacium
261 1569 372 1652 templi
393 1569 525 1633 Domini
546 1571 673 1654 injecit3
704 1572 766 1635 hos
787 1568 1091 1644 Nabuchodonosor
1115 1585 1190 1630 eum
1220 1563 1304 1628 aliis

123 1673 233 1756 templi
254 1674 420 1738 thesauris
441 1675 529 1757 tulit,
553 1685 587 1743 et
608 1675 767 1752 Godoliae
788 1695 846 1742 eos
868 1697 926 1760 pro
950 1693 1083 1742 munere
1103 1669 1251 1752 tradidit,
1277 1687 1303 1734 a

123 1799 187 1864 quo
212 1779 246 1842 in
267 1795 402 1864 regnum
423 1779 554 1847 Nubiae
580 1791 658 1849 snut
678 1782 873 1852 transmissi.
914 1781 1002 1844 Nato
1023 1788 1132 1844 uitet
1151 1776 1301 1840 Domino

122 1881 160 1946 in
179 1884 369 1950 Bethlehem
400 1886 557 1953 Melchior
577 1905 637 1952 rex
656 1887 786 1951 Nuhiae
819 1887 935 1952 obtulit
955 1903 1014 1950 eos
1034 1885 1186 1966 Domino,
1209 1899 1300 1966 quos

124 1992 219 2054 beate
239 1989 347 2074 Virgo
369 1997 403 2053 et
424 1992 550 2075 Joseph
572 2009 646 2058 cum
667 2012 768 2075 puero
790 1993 954 2078 fugientes
972 1992 1006 2054 in
1027 1989 1157 2054 deserto
1180 1986 1301 2072 perdi-

125 2093 255 2178 derunt,
287 2099 321 2158 et
342 2093 474 2178 quidam
495 2106 607 2180 pastor
637 2116 696 2162 eos
730 2101 900 2182 aperiens
932 2096 976 2162 ³0
1007 2095 1102 2159 annis
1133 2093 1297 2156 servavit.

124 2199 322 2282 Ilioneum
359 2197 495 2268 audiens
518 2199 638 2264 famam
659 2203 885 2276 miraculorum
918 2200 1048 2266 Domini
1078 2200 1162 2265 Jesu
1201 2197 1298 2262 venit

125 2303 271 2370 infirmus
292 2303 529 2389 insonantem,
551 2306 743 2375 serenitate
768 2309 809 2372 eh
832 2327 871 2373 eo
893 2312 1026 2390 recepta
1057 2303 1173 2370 obtulit
1194 2301 1296 2366 XXX

126 2411 266 2500 Domino
286 2411 378 2474 Jesn.
418 2408 483 2488 Qut
507 2407 582 2474 dum
604 2430 662 2476 eos
685 2413 830 2498 accipere
850 2413 962 2498 nollet,
985 2409 1073 2476 dedit
1101 2427 1159 2472 eos
1179 2407 1296 2492 templi

127 2515 365 2599 sacerdotibus,
397 2517 452 2600 qni
474 2533 534 2589 eos
552 2520 588 2580 in
614 2517 786 2585 corbanam
809 2519 977 2587 miserunt.
1019 2513 1163 2585 Vendito
1184 2521 1294 2581 eutem

127 2619 265 2688 Domino
279 2619 388 2686 Judae
410 2637 468 2686 eos
488 2620 701 2706 tradiderunt,
717 2624 775 2706 qui
795 2622 998 2707 poenitentis
1019 2618 1137 2684 duetus
1157 2618 1295 2703 projecit

127 2743 185 2788 eos
205 2726 240 2788 in
263 2725 434 2810 templum,
455 2743 539 2812 qnos
562 2728 760 2811 accipientes
781 2727 971 2794 sacerdotes
991 2725 1079 2789 hune
1099 2743 1215 2811 agrurn
1234 2742 1293 2806 pro

128 2831 177 2893 eis
199 2838 361 2912 emerunt,
383 2837 416 2894 et
436 2831 499 2894 hoc
524 2839 622 2914 paeto
642 2831 781 2916 dispersi
802 2830 936 2901 suntab
955 2832 1098 2896 invicem
1118 2849 1177 2914 per
1197 2847 1292 2891 mnn-

128 2933 221 3016 dum3
242 2933 285 2996 de
307 2934 423 3016 quibus
447 2935 482 2998 in
502 2934 618 3000 llhodo
639 2957 738 3005 unum
760 2939 839 3023 vidi,
859 2939 953 3022 eujus
975 2937 1112 3022 ΐιςιιιιιιιι
1122 2933 1293 3006 schaenos

128 3037 256 3102 'l'ucher
276 3036 317 3102 tle
336 3035 563 3122 Nitambergs
585 3044 727 3126 aceepit,
759 3041 829 3126 (B)
851 3053 884 3108 et
904 3041 1033 3110 modulo
1055 3039 1141 3108 lacto
1163 3038 1292 3124 plumbo

129 3141 212 3207 ludit
232 3141 386 3228 aequales
417 3151 588 3226 argenteo,
624 3155 657 3208 et
676 3149 748 3212 suia
776 3151 888 3214 amicit
914 3146 1055 3217 tradidit.
1097 3143 1185 3210 Nam
1216 3141 1290 3209 dum

128 3265 212 3315 anno
235 3245 318 3312 1485
340 3264 488 3312 essemus
525 3251 714 3334 congregati
739 3253 774 3319 in
794 3253 1021 3336 Niirernlrerga
1053 3249 1095 3314 ad
1116 3246 1289 3332 capitulam

128 3351 328 3436 provinciale
354 3351 597 3437 celebrandum,
629 3355 718 3421 dedit
747 3358 932 3440 praedictus
966 3358 1017 3421 vir
1038 3353 1170 3420 cuilibet
1202 3351 1291 3416 fratri

128 3475 227 3521 uuum
260 3454 303 3518 de
332 3457 404 3522 suis
434 3457 583 3526 denariis.
629 3457 803 3537 Quantitas
838 3472 890 3531 est
921 3463 1011 3528 sicut
1045 3456 1289 3542 blauhordorun

128 3561 251 3640 crucis,
283 3559 317 3621 in
338 3578 404 3632 uua
430 3569 524 3644 uerte
556 3571 607 3631 est
641 3564 746 3633 iacies
767 3566 923 3649 hemma,
957 3570 994 3634 ia
1012 3563 1076 3633 alia
1107 3569 1160 3631 est
1180 3561 1288 3630 lilium.

128 3662 368 3746 Supersoriutio
400 3684 479 3730 vero
509 3666 569 3732 luit
597 3667 744 3754 quidem,
775 3670 836 3738 sed
867 3669 973 3740 videri
994 3685 1059 3742 nen
1087 3673 1205 3752 potest.
1247 3667 1290 3730 llt

129 3775 253 3834 tantum
274 3767 445 3836 demente
465 3771 674 3852 Acheldame.
