2608 4842
62 397 147 488 tre
182 410 340 514 capena
366 383 415 488 s
431 387 616 505 nereum,
641 389 915 490 unianimes.
942 415 1070 492 cruce

55 593 235 678 Capella
255 594 322 658 ista
342 593 475 658 dimisse
505 597 672 678 progressi
693 613 806 658 snmus
826 603 981 680 gyrantes
1003 599 1179 662 ecclesiane

18 699 136 762 iutra
162 717 252 762 cum
273 708 373 762 cantu
394 699 436 762 de
456 697 493 763 S.
512 699 656 785 ¹Helena,
676 703 806 784 signeto
826 703 860 764 in
881 701 1122 787 processionali,
1147 711 1181 766 et

21 823 157 868 unum
178 805 308 868 ostium
342 821 494 889 maguum
516 807 668 870 venimus
698 808 733 868 in
766 825 858 870 muro
879 806 1057 892 eeclesiee,
1089 809 1179 872 acsi

11 909 28 946 ·'
44 909 131 973 hoc
153 908 286 972 ostium
307 917 397 974 esset
418 909 528 972 exitus
550 910 592 973 do
619 911 770 974 ecelesia·
782 919 884 974 extra:
907 909 971 974 Per
986 912 1180 980 hoenstium'

11 1023 153 1077 rarites
178 1014 221 1076 in
242 1013 406 1096 tenebras,
427 1031 511 1098 quas
532 1025 641 1079 temen
663 1016 838 1079 luminibus
851 1016 1181 1100 nostrisrepnlime's,
1209 1047 1212 1054 v

11 1119 96 1182 tim
123 1119 279 1203 pedibus
301 1119 572 1202 apprehendimus
592 1119 714 1204 gratim
733 1120 890 1206 lapideos,
915 1139 975 1204 per
996 1139 1080 1206 quos
1100 1121 1180 1186 dec—¹

11 1224 170 1287 edimus
209 1243 272 1307 per
291 1223 399 1287 'XXX
430 1243 550 1308 passus
581 1227 644 1288 vel·
667 1225 788 1310 gradus
819 1239 924 1310 nque
954 1227 989 1290 in
1014 1226 1180 1311 'quandem

11 1329 173 1412 pellam,
194 1345 284 1410 quae
310 1329 475 1395 dicebatur
496 1329 621 1414 capella
639 1329 676 1393 S.
690 1331 848 1415 Helenae,
867 1349 952 1417 quoe
971 1335 1182 1396 subterranea
1206 1333 1210 1344 '

11 1443 37 1498 t.
96 1434 155 1496 lbi
180 1453 264 1517 ergo
287 1444 386 1498 cantu
406 1435 497 1498 linito
525 1437 664 1518 genibus
685 1437 780 1502 llexis
806 1438 986 1518 oravimus,
1016 1445 1051 1499 ot
1071 1435 1181 1500 indul-

11 1541 127 1604 ·ntias
153 1541 343 1622 recepimus
365 1541 434 1624 (ts).
478 1543 572 1604 Haec
597 1541 727 1624 'capella
747 1551 799 1606 ost
819 1543 901 1605 satis
929 1557 1067 1625 mogus,
1099 1542 1181 1634 elias

11 1646 143 1708 irietes
166 1663 237 1707 nou
258 1645 398 1730 babens,
429 1645 493 1708 uisi
514 1654 642 1728 petros,
677 1649 711 1708 in
734 1649 850 1730 quibus
872 1647 1065 1730 escientes,
1093 1648 1180 1710 sicot

11 1805 12 1810 ,
38 1751 118 1834 ipsi
140 1748 267 1832 gradun
297 1749 338 1814 de
371 1751 530 1834 superiori
562 1751 705 1816 ecclesia
732 1754 818 1816 iuter
845 1753 985 1836 periotes
1016 1759 1179 1834 petrarum

11 1854 231 1937 escendunt,
266 1857 464 1940 asuperiori
494 1875 575 1918 vero
597 1865 648 1918 est
677 1858 891 1940 testudinata,
925 1867 966 1920 et
989 1875 1047 1940 per
1075 1859 1179 1938 ipsam

11 1959 205 2025 ostudinem
225 1957 340 2022 lumen'
355 1961 504 2024 incidens
525 1961 642 2045 habet,
674 1961 748 2044 ipse
769 1969 876 2025 eutem
897 1959 1026 2024 testudo
1048 1961 1181 2024 lnlcitnr

11 2069 44 2130 ΓΙ
71 2063 240 2128 columnis
263 2067 470 2147 marmoreis,
499 2083 602 2148 qnae,
623 2073 659 2127 ut
682 2063 816 2149 dicitnr,
853 2069 1001 2148 tempore
1018 2066 1182 2147 passionis

11 2171 135 2236 {bristi
159 2170 388 2234 sustentabunt
404 2173 611 2254 praetorium,
621 2172 654 2233 in
671 2189 735 2256 quo
754 2169 917 2254 judicatos
939 2171 1179 2236 fuitDeminua

11 2279 43 2341 it
71 2293 134 2359 per
169 2284 315 2337 sanctam
346 2275 507 2340 Helenam
534 2277 664 2340 luerunt
685 2277 761 2342 inde
782 2279 846 2341 lonc
864 2277 1063 2341 'translatae
1107 2277 1182 2338 ileo

11 2384 183 2446 columnae
204 2388 280 2442 sunt
302 2380 425 2462 politae
446 2389 479 2444 et
500 2380 640 2465 nigrae,¹
653 2391 687 2446 et
707 2385 837 2466 semper
856 2381 992 2464 sudant,
1012 2389 1184 2464 etgutte-¹
1205 2395 1209 2403 '

12 2493 73 2552 :im
99 2483 241 2546 destillat
270 2483 310 2547 de
340 2486 389 2548 eis
422 2503 522 2570 aqua,
555 2494 588 2548 et
619 2487 694 2551 dolo
723 2487 841 2572 aliquis
868 2505 964 2550 mano
999 2487 1054 2549 vol
1080 2493 1182 2550 ueste

12 2592 116 2674 tergit
136 2587 259 2674 gutiae,
281 2593 394 2653 statim
418 2600 590 2675 erumpunt
612 2595 696 2659 eliae
728 2593 885 2678 guttulae.
922 2594 1023 2656 l’orro
1060 2592 1180 2675 vulgus

12 2699 114 2780 dicit,
162 2693 244 2778 quod
287 2693 406 2757 sudare
443 2697 622 2780 inceperint
662 2699 878 2782 miraculose,
917 2699 992 2762 dum
1012 2697 1181 2761 ·Christus

15 2801 233 2882 castigabatur
255 2799 288 2862 iu
307 2804 483 2885 praetorio,
515 2811 547 2864 et
568 2804 669 2868 sudor
688 2805 745 2869 ille
767 2807 811 2869 sit
835 2808 931 2868 lletus
952 2819 1061 2866 esrum
1082 2807 1181 2886 super

19 2905 201 2971 innocentia
222 2902 350 2970 Christi
382 2905 475 2972 Jesu.
520 2909 594 2973 Nec
627 2913 758 2974 omniuo
789 2909 972 2993 abjicienda
993 2909 1058 2972 'est
1087 2909 1180 2992 vulgi

21 3012 147 3098 opinio,
182 3025 261 3092 qnae
282 3019 373 3073 certe
386 3029 391 3036 ·
404 3011 509 3074 otiose
536 3015 665 3096 penicis
696 3019 766 3080 non*
782 3015 842 3079 est.
880 3013 918 3078 Si
941 3017 1032 3080 enim
1052 3015 1179 3099 lapides

23 3116 137 3182 laudes
156 3114 334 3178 lledemtori
358 3117 558 3199 proclamare
580 3119 738 3202 dicuntur,
756 3120 938 3184 hominibus
959 3140 980 3183 a
996 3119 1180 3184 laudatione

25 3221 199 3303 silentibus,
224 3230 259 3284 nt
289 3222 426 3287 habetur
452 3223 563 3287 lineae
586 3225 693 3309 xix.;
735 3225 813 3310 quid
843 3228 974 3309 miron,
996 3227 1029 3289 si
1053 3226 1180 3308 lapides

28 3325 178 3410 (miore
187 3334 312 3388 mortem
321 3326 716 3394 liedemtorishominibus
724 3331 1178 3412 ridentibns[exietimentur].

31 3431 115 3510 Quia
143 3431 280 3492 enimin
309 3430 361 3495 die
391 3433 570 3516 palmarum
590 3437 695 3516 pueri
717 3435 924 3498 noemmin
956 3443 989 3498 et
1027 3433 1179 3517 discipuli

33 3535 279 3602 cerimonem
300 3535 489 3621 clamabant,
508 3538 633 3622 lapides
654 3538 816 3622 tacebiut,
831 3547 863 3601 et
884 3541 914 3603 si
935 3539 969 3604 hi
990 3541 1179 3624 tacuissent,

36 3640 152 3722 lapides
181 3640 387 3704 clamassent:
423 3643 472 3706 sic
503 3645 534 3708 si
566 3653 701 3708 mortem
730 3646 937 3709 innocentem
965 3653 998 3708 et
1029 3647 1178 3710 acerbam

38 3745 172 3812 homines
206 3745 392 3830 deciment,
420 3747 546 3830 lapides
589 3751 751 3832 lacrymas
782 3769 848 3814 non
881 3749 1055 3814 dedissent.
1110 3751 1179 3816 Sed

43 3851 113 3934 quia
139 3847 178 3909 illi
201 3867 260 3913 non
281 3851 432 3933 lleloant,
464 3853 590 3936 lapides
613 3855 777 3939 lacrymas
799 3855 994 3932 tundebant,
1028 3855 1114 3920 sicut
1145 3866 1179 3920 et

47 3954 134 4017 scissi
164 3955 191 4016 io
230 3963 331 4019 morte
373 3955 495 4020 Christi
517 3969 520 3980 ’
543 3959 705 4043 leguntur.
770 3959 902 4027 Nullum
944 3979 1022 4048 ergo
1045 3965 1180 4026 ¹incon-

49 4059 165 4123 veniens
190 4057 272 4143 vulgi
299 4060 354 4143 pio
386 4061 484 4125 babet
504 4061 645 4149 opinio,
678 4065 806 4130 diceus:
828 4067 1010 4131 *columnas
1039 4067 1114 4130 illes
1145 4066 1179 4128 in

54 4173 137 4226 morte
155 4163 280 4246 flevisse,
301 4165 366 4228 nisi
388 4165 475 4249 quod
495 4169 529 4232 in
549 4163 719 4254 *Scriptura
736 4191 800 4236 non
822 4172 956 4256 legitur:
978 4171 1106 4236 facilim
1128 4179 1180 4234 est

56 4270 140 4349 enim,
164 4269 288 4356 lapidem
308 4271 507 4357 lacrymari,
550 4293 646 4360 quam
684 4275 796 4341 laudes
827 4277 1010 4342 decantare.
1059 4275 1180 4340 Dicunt
