2596 4788
148 343 217 400 ‚nort
239 340 339 387 ausus
362 321 409 386 l'ui
432 339 536 410 nsque
567 321 608 384 ad
638 323 784 386 ultimam
820 321 1028 406 procedere,
1057 327 1238 402 postquarie

151 430 321 512 ingressus
342 426 389 491 lui
411 430 549 510 tertiam,
571 435 605 489 et
626 425 734 488 lumen
754 443 813 508 per
832 426 960 509 prImae
986 421 1171 506 speluncae
1187 427 1240 485 catio:

152 534 329 597 immissum
347 533 485 616 amplius
506 543 640 596 cernere
660 545 726 589 uon
747 530 847 612 potui,
860 529 1003 593 substiti
1027 527 1244 612 propterhonn

151 638 363 698 tenebrarum
405 633 523 700 Posset
546 637 630 697 enim
649 632 836 716 ingrediens
870 651 990 697 errare
1035 640 1074 693 et
1103 630 1210 691 exitum
1224 637 1255 685 art

151 749 229 822 tere,
251 741 328 824 qnia
348 739 473 823 antiqui
490 737 649 824 protunda
671 745 781 822 petras
803 757 861 823 pro
881 739 952 802 suis
978 736 1131 800 mortuis
1148 727 1255 814 sepelcd

151 852 360 909 erraverunt.
403 843 528 926 loseph
555 859 632 924 ergo
655 843 695 904 ab
719 842 910 927 Arimathia,
931 845 997 907 vir
1018 842 1135 904 bonus
1163 845 1192 897 et
1210 833 1255 912 inat

152 947 269 1012 nobilis
291 956 323 1010 et
344 945 449 1028 dives,
470 956 588 1031 potens
613 954 647 1008 et
666 945 820 1032 pmdcns,
843 947 919 1010 emit
938 965 1009 1030 pro
1034 961 1080 1006 sc
1101 941 1213 1004 hortun
1226 937 1255 1015 jul

153 1054 318 1117 civitatem
340 1051 381 1115 ad
403 1051 490 1116 latus
512 1052 601 1138 rupis
625 1047 813 1133 Calvariae,
832 1059 866 1114 et
892 1069 1017 1134 rupem
1050 1039 1255 1128 integrabat

156 1167 190 1222 et
211 1160 322 1222 cavari
344 1157 430 1221 lecit.
472 1157 603 1222 blortuo
624 1162 734 1220 autem
762 1157 900 1222 Domino
934 1155 1054 1220 cessit
1084 1148 1227 1230 Joeephu
1240 1149 1255 1220 Ji

153 1280 224 1345 suo,
245 1269 279 1326 et
298 1263 423 1325 hortum
445 1279 519 1325 cum
539 1270 745 1325 monumento
767 1259 899 1325 Christo
921 1261 1042 1342 dedit,
1077 1258 1136 1342 qui
1163 1254 1255 1336 priam

153 1367 249 1431 altius
271 1369 305 1430 in
326 1385 365 1429 eo
386 1366 534 1452 sepultus
555 1366 626 1429 fuit.
668 1365 753 1427 Dum
771 1367 856 1429 euim
877 1363 919 1430 de
938 1383 1051 1432 cruce
1073 1359 1221 1444 neposms
1234 1355 1255 1413 fil

154 1478 365 1554 portaverunt
386 1491 459 1534 enm
485 1489 505 1533 a
526 1465 787 1553 rupeCalvariae
805 1489 864 1554 per
884 1473 1072 1535 maceriam
1093 1469 1130 1531 in
1148 1459 1255 1526 honuni

152 1593 251 1657 super
270 1573 409 1658 lapidem
430 1574 473 1638 ad
493 1575 556 1637 hoc
578 1573 699 1638 lactum
717 1578 839 1658 'corpus
860 1585 1041 1658 aruerunt,
1064 1581 1100 1635 et
1122 1571 1155 1634 in
1173 1562 1255 1645 sepulc

153 1697 222 1744 rum
249 1677 425 1743 intulerunt
452 1679 485 1740 in
521 1676 698 1742 secundam
723 1680 932 1762 speluncam,
964 1681 1051 1767 quia
1081 1683 1152 1739 erat
1175 1667 1255 1751 spelm

153 1783 285 1868 duplex,
306 1791 339 1846 et
359 1781 496 1866 primum
515 1783 633 1848 ostium
654 1783 777 1866 primae
796 1783 973 1870 spelmteae
1001 1791 1081 1848 crat
1109 1779 1194 1842 altum
1208 1769 1252 1832 etl

152 1899 220 1954 tum
232 1935 242 1974 ,
272 1887 314 1952 ad
341 1886 478 1952 mediam
512 1885 700 1970 speluncam
733 1885 866 1953 ducens.
927 1887 1064 1954 Ostium
1094 1885 1136 1950 ad
1155 1874 1252 1945 sacca&

152 1995 339 2083 speluncam
361 1992 484 2056 ducens
516 2009 581 2054 non
607 1991 802 2077 respiciebat
822 1994 943 2059 ostium
963 1997 1114 2079 primae,
1146 1988 1206 2072 quia
1225 1995 1249 2037 tt

151 2100 186 2160 in
206 2099 308 2162 latere
328 2099 464 2160 sinistro
490 2092 724 2179 ingredientis,
765 2104 798 2159 et
824 2109 893 2162 erat
924 2097 1111 2162 demissum
1138 2101 1167 2156 et
1179 2099 1250 2174 proc

151 2203 311 2284 ostiolum,
333 2209 365 2263 et
384 2209 508 2283 aparte
518 2201 632 2266 dextra
653 2209 724 2266 erat
744 2200 837 2266 lccns
858 2203 963 2281 [126
974 2204 1046 2288 A),
1069 2204 1173 2284 inquo
1186 2191 1249 2275 puin

152 2309 258 2376 inerat
277 2307 435 2372 Dominus
456 2307 490 2370 in
511 2303 689 2388 aquilonari
719 2317 828 2392 parte,
854 2311 899 2374 ihi
935 2314 1020 2372 enim
1056 2327 1130 2372 cnm
1157 2291 1248 2364 intuli

156 2413 217 2478 luit
237 2413 424 2478 intermissa
445 2414 592 2494 cavatio,
615 2419 648 2474 et
677 2419 804 2476 tantum
826 2413 867 2478 tle
886 2421 979 2500 petra
1006 2411 1180 2487 dimissum,
1198 2411 1249 2483 qm

153 2527 219 2580 tum
253 2534 369 2601 corpus
397 2517 536 2580 hominis
571 2517 606 2578 in
643 2515 739 2580 tlorsu
758 2515 900 2599 jacentis
922 2529 1061 2603 occupat
1097 2517 1130 2580 in
1148 2510 1247 2573 latrat

151 2623 186 2686 in
207 2624 347 2705 longum,
367 2623 471 2685 tribus
492 2621 608 2708 palmis
627 2629 660 2684 et
680 2621 813 2687 dimidia
833 2641 853 2686 a
874 2633 960 2690 terra
985 2641 1127 2688 sursum·
1163 2613 1209 2676 ΡΝ
1222 2621 1247 2684 qr.

152 2736 239 2810 uota,
260 2725 346 2812 quod
370 2727 550 2792 scribentes
571 2724 612 2791 de
634 2725 793 2791 dominico
814 2727 985 2813 sepulchro
1018 2727 1140 2791 iaciunt
1157 2713 1244 2784 quma

152 2833 229 2896 tiam
250 2832 334 2894 inter
357 2839 597 2896 munumentum
625 2839 657 2894 et
685 2831 900 2918 sepulchrum.
954 2833 1187 2898 Monumentum
1207 2813 1247 2876 nh

152 2933 452 3016 diciturtotapetra
465 2943 592 3020 cavata,
614 2944 647 2998 et
667 2942 768 2998 totum
780 2937 1005 3004 babitaculum.
1027 2936 1095 3001 Sed
1107 2923 1244 3014 sepulcltll

151 3037 268 3102 dicitnr
287 3036 379 3103 locus
400 3042 544 3126 corporis
565 3041 796 3124 sarcophagus,
819 3045 892 3109 aive
913 3044 1073 3126 tumulus,
1101 3041 1165 3104 aive
1180 3021 1246 3092 mult

149 3145 392 3210 Monumenttnn
414 3161 493 3226 ergo
512 3143 643 3212 Domini
663 3165 728 3208 non
749 3147 860 3211 habuit
878 3149 1084 3233 sepulchrum
1110 3144 1170 3206 sive
1183 3139 1244 3194 Μ’

149 3251 291 3340 phagum
309 3249 435 3332 mobile,
457 3249 517 3313 sed
533 3250 574 3313 de
594 3250 667 3332 ipsa
688 3249 802 3314 eadem
823 3262 916 3336 petra
936 3255 1066 3318 factum.
1108 3247 1173 3316 Fuit
1188 3243 1246 3297 tmn

150 3376 171 3421 a
201 3367 293 3441 parte
322 3355 476 3422 anteneri
500 3343 634 3418 havatto
674 3353 729 3418 ad·
743 3356 970 3438 imponendum
996 3375 1128 3446 carpus,
1153 3331 1243 3434 affl

150 3461 256 3524 medio
277 3459 441 3543 sepulchri
461 3460 657 3546 ponebatur,
679 3461 735 3542 ita,
756 3461 843 3548 quod
863 3481 962 3546 supra
988 3464 1048 3526 luit
1075 3456 1161 3548 qnasi
1184 3432 1245 3510 tahal

152 3571 350 3648 coopertum,
368 3574 401 3629 et
421 3565 506 3629 inira
526 3561 768 3628 undamentum
789 3584 809 3629 a
829 3573 917 3630 terra
937 3567 1098 3632 elevatum
1115 3552 1242 3628 aeratos·

150 3667 205 3726 nbi
226 3681 343 3754 corpus
366 3673 556 3752 ponebatur.
599 3669 652 3733 lta
672 3669 823 3735 videntur
843 3671 930 3758 loqui
951 3671 1064 3736 Sancti
1094 3671 1133 3734 de
1146 3647 1243 3728 aomina

149 3767 319 3852 sepulchro
333 3777 523 3838 scribentes.
546 3773 706 3856 Magister
726 3775 905 3842 inhiatoria
924 3792 1020 3841 sacra
1040 3763 1240 3859 thegalam*

150 3872 246 3938 bilem
266 3873 399 3962 Bedem,
419 3877 579 3964 dicitque:
601 3889 842 3945 monumentum
863 3881 992 3944 Domini
1023 3881 1133 3945 domus
1155 3867 1238 3968 autc

150 3975 260 4060 tunde,
283 3975 325 4042 de
344 3979 531 4066 subjacente
551 4001 630 4067 rupe
658 3983 769 4050 excisa
780 4027 791 4068 ,
822 3994 930 4050 tautae
965 3985 1152 4063 altitudinis,
1172 3975 1196 4034 ll
1211 3969 1238 4020 ’Ἠ

149 4084 244 4146 homo
265 4079 382 4162 longus
407 4102 504 4146 manu
523 4094 656 4152 extenta
676 4087 803 4149 culmen
824 4097 935 4174 posset
956 4091 1123 4173 attingere,
1140 4071 1235 4146 introito

150 4181 274 4246 habeus
295 4183 334 4244 ab
357 4183 489 4262 criente,
511 4185 562 4250 cui
583 4203 722 4267 maguus
743 4189 826 4274 lapis
846 4195 1014 4278 oppositus
1035 4203 1103 4260 erat
1127 4205 1169 4276 pcc
1188 4168 1234 4240 ⁰⁸5⁰·
