2716 4798
1338 307 1339 352 t

178 375 318 442 omniun
349 367 460 434 mnndi
487 371 704 454 equum
732 385 799 449 pu·
826 363 981 432 'domm
1012 373 1046 428 et
1076 364 1254 429 triduum.
1292 353 1339 560 n:

178 494 322 546 ooesnne
332 475 449 540 dieitur
457 473 808 558 hospitiomflnminnm
822 479 860 541 ,ot
880 471 957 544 ¹fons
981 471 1151 536 imbrium:
1175 493 1261 538 nee
1277 483 1290 535 t

180 591 317 668 ongotm
337 581 471 667 influxu,
492 599 554 644 nee
581 579 735 644 mimitnr
771 578 913 661 efflrmn,
941 578 1017 661 quie
1047 589 1227 663 qnantum
1266 581 1339 664 redp

179 697 303 756 tostmn
324 687 437 752 reddit.
458 688 578 750 Mirum
599 693 706 750 entem
725 684 789 746 hee
809 681 949 768 videtur,
969 701 1043 748 oum
1064 692 1184 758 tentus
1219 683 1339 774 numeri

179 795 345 860 fluminum
364 793 443 858 illue
463 793 659 856 onerentinm
680 790 725 852 sit
744 789 929 875 fluctusque
949 799 1217 874 temperpetuns
1254 801 1339 872 enred

179 910 246 968 teor
267 901 336 963 iero
356 897 512 982 infinitus,
532 894 695 980 quomodo
715 895 793 960 inde
814 915 881 960 non
899 905 1059 980 augeatur
1079 894 1274 960 oeennus?
1305 896 1339 976 iit

178 1007 286 1070 minus
307 1005 423 1070 mirum
444 1021 518 1066 enm
537 1001 638 1065 molto
659 1019 701 1064 ex
723 1019 763 1064 eo
786 1001 965 1084 procedent
984 1004 1209 1067 subterranea
1245 1003 1339 1078 flumit

181 1113 314 1177 multem
334 1127 463 1193 qnoque
492 1116 617 1191 portem
643 1105 731 1170 illins
753 1106 919 1172 stellarum
940 1109 1078 1172 haustus
1103 1109 1271 1191 auferet,
1302 1105 1339 1187 qd

180 1219 232 1284 soi
253 1215 371 1294 etalio
391 1213 500 1278 sidere
521 1213 562 1278 de
583 1232 622 1275 eo
639 1213 812 1282 maximnm
848 1212 1076 1278 abundantiam
1107 1232 1276 1296 eqnemm
1303 1207 1339 1300 sd

180 1319 410 1388 intensissimis
431 1319 561 1402 ignibus
582 1318 745 1401 hauriunt,
773 1326 806 1382 et
827 1321 949 1382 eironm
966 1321 1074 1383 omme
1092 1319 1210 1382 sidero
1235 1315 1339 1384 tundet

181 1447 250 1512 ees,
271 1437 308 1490 ut
323 1444 363 1488 eo
379 1431 608 1508 temperentur,
623 1442 707 1507 quoe
719 1422 760 1487 de
781 1441 820 1486 se
840 1434 918 1489 sunt
938 1426 1046 1508 ignee,
1066 1443 1127 1488 neo
1142 1443 1208 1506 per
1229 1421 1339 1486 sidem

181 1531 443 1615 eopiosissimum
464 1530 615 1592 henstnm
637 1537 670 1593 et
692 1531 914 1595 attractionem
935 1549 1079 1595 eoeenns
1103 1530 1274 1611 minuitur,
1292 1527 1339 1610 qnit

182 1645 218 1700 nt
239 1635 360 1698 dietum
381 1643 441 1717 est,
453 1642 576 1698 tentum
598 1635 722 1719 reeipit,
735 1643 890 1718 quantum
919 1654 979 1720 per
990 1636 1149 1700 effluxum
1171 1637 1339 1698 ethenstm

182 1740 295 1825 perdit.
329 1738 497 1818 Quomodo
517 1748 625 1804 eutem
644 1740 707 1804 hoo
727 1740 795 1825 fiet,
816 1741 878 1806 soii
891 1741 970 1805 -Doo
992 1745 1158 1824 oognitnm
1182 1752 1251 1824 est,
1272 1739 1339 1820 enjn

183 1863 267 1930 opus
288 1844 427 1911 mundus
445 1853 507 1928 ost,
529 1853 561 1908 et
582 1847 635 1908 eni
661 1844 725 1909 soli
765 1850 870 1910 omnis
903 1847 1013 1910 mnndi
1043 1850 1124 1910 rotie
1155 1853 1247 1908 noto.
1291 1839 1339 1902 flor

184 1970 274 2018 mere
294 1951 433 2017 moxime
453 1951 599 2032 seqnitur
622 1949 720 2014 innee
745 1969 899 2034 eorsum,
923 1962 957 2016 et
975 1961 1027 2016 est
1045 1953 1266 2032 ideovorngo,
1283 1959 1339 2028 qnn

185 2067 271 2122 tetes
292 2073 394 2138 equos
415 2063 448 2117 et
470 2072 574 2119 naves
604 2055 754 2120 obsorbet
774 2067 807 2120 et
828 2059 993 2142 revomit,
1026 2065 1059 2122 et
1089 2059 1154 2122 hoe
1182 2057 1217 2120 in
1257 2059 1339 2116 exortu

186 2162 283 2224 lonae
293 2159 405 2242 mojori
415 2167 509 2222 aestu
523 2160 640 2224 fluetus
652 2162 754 2224 vomit
767 2171 800 2226 et
809 2151 955 2226 revomit.
968 2165 1037 2228 Iste
1050 2171 1158 2228 notem
1174 2177 1297 2242 vorago
1308 2155 1339 2216 di-

188 2266 271 2330 eitnr
288 2265 431 2348 abyssos
441 2281 570 2348 magne,
593 2265 634 2330 de
651 2285 716 2350 qno
737 2268 891 2351 seriptum
907 2278 961 2332 est
978 2267 1101 2334 (iones.
1123 2265 1154 2330 7.
1169 2279 1204 2331 v.
1215 2267 1268 2332 12
1285 2261 1339 2344 noi

187 2378 265 2442 sont
285 2387 401 2436 omnes
421 2371 529 2436 fontes
550 2371 663 2456 abyssi
682 2390 833 2456 magnae.
854 2374 957 2438 Juxta
976 2375 1061 2440 herro
1082 2382 1159 2436 sunt
1188 2383 1339 2436 eevemoe

187 2475 270 2562 loon,
282 2485 316 2540 et
326 2477 503 2560 spolnneee
525 2477 613 2542 lotoe
623 2485 656 2540 et
676 2486 838 2562 potentes,
854 2481 887 2542 in
899 2481 1015 2563 qmons
1024 2479 1116 2544 venti
1137 2479 1180 2542 de
1192 2477 1339 2561 spiramine

189 2601 345 2667 equorum
367 2584 611 2666 oonoipinntnr,
639 2591 673 2646 et
691 2583 768 2648 iilee
788 2603 950 2652 osvernoe
970 2593 1048 2648 suet
1069 2583 1163 2668 quasi
1184 2582 1339 2646 munione

189 2697 224 2750 et
244 2687 378 2768 spiritns
399 2685 447 2749 illi
478 2687 512 2751 in
543 2686 711 2772 seriptum
738 2691 944 2756 nominentur
980 2691 1114 2773 spiritns
1143 2688 1339 2770 proeellemn

189 2790 235 2854 Hi
252 2789 427 2870 spiramine
448 2806 508 2852 sno
530 2808 633 2873 equos
661 2794 768 2857 meris·
780 2813 838 2878 per
859 2804 1009 2881 potentes
1031 2805 1186 2860 terrerum
1209 2809 1338 2860 eovemn

191 2896 351 2958 introrsus
370 2895 406 2955 in
426 2893 582 2977 abyssum
603 2897 777 2981 sttrehtmt,
800 2909 833 2964 et
855 2918 913 2963 eos
929 2903 1046 2963 iterum
1071 2899 1234 2964 exundare
1252 2917 1339 2983 magro

191 3000 315 3081 impetu
335 2998 541 3083 oempedlnnt.
585 3000 636 3064 De
662 3003 739 3066 istis
767 3004 833 3068 lote
863 3005 1005 3088 loquitor
1027 3004 1176 3068 Vinoent
1200 3007 1233 3068 in
1265 3006 1336 3088 Spet.

192 3103 309 3168 Notur.
332 3102 390 3174 lto.
416 3104 448 3165 ti.
496 3105 607 3168 Hohet
633 3107 696 3170 hoo
723 3127 813 3172 more
843 3127 947 3194 equos
975 3107 1084 3174 salsos
1095 3143 1115 3193 ,·
1133 3112 1220 3178 etent-
1243 3119 1277 3173 et
1298 3109 1339 3172 dir

192 3211 305 3294 moris,
326 3217 363 3272 nt
384 3208 516 3296 patebit.
558 3209 657 3276 Porro
680 3231 803 3280 ooeeno
822 3215 1010 3300 magnitudo
1031 3216 1288 3298 ineomporobilis
1298 3223 1339 3276 ost

192 3325 226 3381 et
254 3315 529 3384 intransmeabilis
558 3317 714 3403 latitudo,
745 3329 779 3382 et
799 3329 875 3402 post
897 3337 971 3386 enm
989 3325 1078 3384 terre
1098 3321 1183 3384 nulla
1208 3332 1273 3406 est,
1297 3318 1337 3383 sod

192 3420 298 3485 solnm
321 3421 423 3488 denso
444 3425 521 3487 edre
541 3424 674 3488 nnbinm
694 3441 784 3488 mere
804 3426 999 3496 eontinotnr.
1042 3424 1159 3488 Sedet
1177 3434 1258 3490 terre
1277 3425 1336 3490 sni·

193 3525 294 3588 terius
326 3535 387 3589 est.
437 3527 625 3596 Seotnrdnm
661 3529 808 3594 ordinem
836 3531 958 3615 qnippe
995 3539 1134 3594 noteroe
1162 3540 1225 3595 toto
1254 3541 1337 3599 torreo

193 3627 383 3708 supetssoies
403 3647 491 3715 equs
510 3633 642 3700 deberet
661 3643 883 3720 esseoperte:
914 3645 948 3700 st
972 3653 1053 3700 vero
1082 3645 1201 3702 orontor
1218 3641 1335 3702 omniun

195 3729 287 3792 Dens
309 3747 428 3814 megoo
460 3753 522 3802 sno
549 3740 708 3806 bertedeld
731 3741 835 3808 voluit
862 3742 1111 3828 pronominum
1136 3751 1168 3806 ot
1188 3741 1334 3806 bennum

192 3833 390 3900 motatione
414 3847 538 3920 portem
564 3851 671 3908 terroe
707 3846 829 3912 sioeom
858 3864 1065 3931 oonservero,
1106 3843 1226 3930 qundo
1253 3845 1333 3912 dixit:

192 3948 429 4022 oongregentnr
462 3961 576 4028 oqnoe,
597 3963 686 4030 qnae
703 3949 763 4012 snb
785 3949 880 4018 doeio
899 3965 976 4018 sunt
997 3953 1031 4016 ie
1060 3952 1168 4026 ioenm
1186 3959 1331 4034 nnnm,et

191 4052 346 4129 apparent
366 4043 465 4110 ands
508 4051 601 4112 noso
620 4053 885 4134 praeeminentia¹
897 4055 1096 4140 damnarer,
1124 4073 1193 4123 oen
1214 4054 1251 4118 de
1270 4055 1330 4120 orbe

190 4150 293 4234 ipsius
312 4149 446 4216 dieitur:
468 4152 545 4234 quio
564 4154 636 4235 ipse
655 4172 756 4235 snper
772 4158 875 4220 mnis
888 4157 1039 4223 fnrrdevit
1058 4179 1134 4224 eum
1152 4159 1271 4236 (Potin.
1286 4161 1327 4225 et.

190 4275 222 4320 v.
254 4257 293 4335 2)
328 4265 379 4324 nt,
401 4255 527 4320 seilioet
563 4255 757 4335 operiretur:
800 4253 861 4314 sed
897 4257 1017 4324 virtute
1051 4263 1199 4335 ereptoris
1231 4265 1325 4328 duetus
