2914 4850
196 321 248 381 est
267 312 340 392 sibi,
359 302 709 392 compendiosegladlo
730 312 894 370 turcorum
913 309 1048 368 mortu
1068 301 1192 383 salire,
1216 319 1361 385 qun,

195 439 258 484 auo
290 415 488 485 monasterio
519 409 630 478 multis
664 411 820 477 mortibus
856 426 1039 474 sanescere.
1094 409 1139 470 Et
1173 407 1302 471 multa
1335 409 1365 472 d

195 523 287 608 dixit,
308 532 345 588 ut
366 528 478 604 posset
499 518 648 582 dominos
668 527 829 600 avertere,
850 533 893 578 ne
913 533 967 582 rue
977 511 1133 578 audirent.
1155 510 1261 590 Quae
1274 535 1368 578 οιι

196 632 327 695 suerunt
347 626 427 692 mibi
447 626 560 692 relata.
601 625 724 688 Postea
745 623 883 689 cundem
906 619 1040 686 miltte·
1060 619 1137 682 vico
1155 637 1269 682 versa
1313 639 1371 682 αι

196 735 325 816 l'o'rtovl,
345 735 392 799 lto
415 730 502 814 quod
522 749 587 794 non
613 727 918 813 potuitpersuaderi
937 723 1201 790 adredeundun.
1222 724 1373 788 Raetiam

196 847 304 906 antem
325 857 389 903 noa
414 838 605 918 capitaneus
632 835 725 898 Vlll.
753 835 868 899 dicbus
899 837 934 897 in
964 833 1110 916 Coecyre
1139 839 1174 892 et
1203 834 1319 894 omni
1350 831 1375 890 d

197 944 391 1011 terribiliora
410 943 504 1006 uobis
525 943 704 1025 proposui,
725 941 786 1007 sod
805 957 866 1004 uos
886 941 1063 1007 theutonici
1084 955 1202 1002 omnes
1224 938 1380 1002 absum

197 1051 476 1130 concordavimus,
492 1047 578 1110 nolle
590 1046 708 1128 redire,
718 1044 822 1108 sedin
833 1048 964 1110 nornine
975 1045 1106 1110 Domini
1124 1043 1382 1126 {erosolym-

196 1175 341 1240 pergere.
384 1154 513 1218 Vldens
538 1161 645 1216 autem
674 1151 747 1233 (Β)
780 1149 979 1233 capitaneus
1015 1169 1076 1214 nos
1103 1149 1311 1212 obstinatos
1364 1149 1382 1206 ir

196 1271 308 1326 nostro
358 1261 524 1341 proposito
572 1276 610 1319 se
649 1257 788 1339 amplius
833 1276 899 1320 nun
936 1257 1113 1318 intromisit
1168 1253 1214 1316 de
1263 1273 1300 1316 ιι

197 1367 468 1450 peregrinatione,
488 1370 523 1425 et
543 1364 590 1425 ita
611 1363 830 1446 disposuimus
840 1380 903 1426 nos
918 1342 961 1424 ad
983 1377 1161 1441 recessum,
1173 1359 1321 1425 iuuere

198 1481 249 1534 tes
269 1472 304 1534 irr
325 1465 453 1550 galiam
476 1485 526 1550 ea,
550 1485 635 1552 quae
656 1485 845 1537 oneramus.
893 1469 939 1532 Et
971 1484 1045 1530 cum
1071 1483 1188 1530 omnes
1218 1469 1379 1548 navigar-

198 1575 351 1639 volentes
387 1580 499 1634 essent
538 1573 603 1636 iem
634 1575 674 1636 lu
702 1573 821 1656 galea,
852 1583 886 1636 et
916 1591 991 1638 cum
1022 1572 1141 1656 gaudio
1176 1571 1376 1653 colloqmn

196 1681 401 1760 haberemus,
419 1675 515 1759 juata
533 1677 654 1744 malum
675 1696 775 1761 supro
797 1687 1036 1762 surdescens
1056 1676 1375 1760 dcpmdeutiorilta

199 1787 315 1870 petivit
335 1783 499 1852 silentium
519 1783 599 1848 lieri.
621 1782 695 1861 Quo
717 1784 805 1858 iacto
827 1782 932 1846 dixitz
961 1785 1051 1846 Elaos
1070 1783 1240 1846 dominiet
1265 1785 1383 1860 irone

200 1893 264 1956 mei
285 1889 455 1973 peregrini,
477 1907 546 1954 ram
560 1888 727 1972 grandem,
749 1887 924 1972 difficilem,
946 1898 986 1952 et
998 1889 1134 1954 ordnam
1155 1892 1369 1972 aggredimur

200 1994 434 2080 peregrinando
455 2014 514 2078 per
535 2013 633 2060 mare.
655 1995 698 2060 Et
719 1994 793 2058 dico
813 1995 909 2060 vobis
930 2013 990 2078 pro
1011 2003 1122 2076 certo,
1146 1995 1237 2078 qnod
1264 1998 1369 2060 hune

201 2106 289 2166 ultus
311 2097 473 2184 loquendo
494 2100 593 2165 stulte
615 2099 752 2170 iacimus
780 2107 873 2165 tune
905 2097 1049 2181 periculo
1079 2115 1144 2164 nos
1169 2098 1370 2184 exponendo

203 2215 315 2270 contra
336 2205 457 2269 domini
480 2206 641 2288 capitanei
661 2207 760 2267 maris
782 2213 816 2266 et
836 2205 978 2273 emulum
991 2204 1127 2268 oliorum
1144 2203 1385 2272 consiliumet*

203 2297 443 2396 persuasiones.
496 2308 620 2374 Idcirco
662 2309 783 2376 domiui
817 2311 964 2393 episcopi
992 2319 1026 2373 ot
1057 2310 1243 2383 confratres
1280 2318 1370 2374 nost

203 2414 386 2498 nobiliores,
414 2418 625 2501 potentiores,
638 2415 813 2499 digniores,
835 2424 869 2478 et
878 2415 962 2482 forte
972 2414 1200 2499 prudentiores
1225 2423 1367 2502 resigm-

203 2529 331 2604 verunt,
351 2529 387 2583 et
407 2519 452 2586 ad
477 2524 607 2606 propria
638 2521 742 2584 redire
763 2521 984 2603 contendunt,
1009 2531 1188 2606 sequentes
1221 2525 1368 2588 eonsssir:

204 2645 264 2692 uos
291 2644 370 2689 vero
397 2627 432 2686 in
454 2627 648 2688 contrarium
669 2643 833 2690 conamur.
858 2627 902 2693 Ut
922 2637 1162 2709 ergo-conatus
1181 2639 1366 2701 nosternon

203 2732 247 2796 sit
268 2729 368 2794 stulto
399 2735 432 2788 et
463 2730 584 2795 vitiosa
604 2727 749 2813 andacia,
767 2749 906 2793 neeesse
928 2735 1005 2815 crit,
1031 2742 1067 2796 ut
1098 2735 1200 2796 vitam
1231 2746 1366 2800 nostran

204 2835 239 2897 in
269 2831 365 2913 galee
395 2831 623 2914 reformemus,
656 2842 689 2895 et
723 2835 866 2900 eremius
899 2837 1113 2902 lenissimum
1141 2837 1367 2904 nominans

203 2945 335 3004 sanctos
357 2935 428 3017 ejus
447 2939 638 3002 invocemus
658 2957 719 3022 pro
737 2939 872 3003 coelesti
894 2943 1035 3025 auxilio,
1057 2951 1246 3011 utrottneos
1269 2944 1366 3012 inimi·

204 3061 314 3108 corum
326 3043 447 3109 Christi
469 3050 504 3104 et
522 3042 649 3106 classes
669 3063 779 3109 eorum
804 3056 975 3128 penetrare
984 3046 1163 3112 valeamus
1192 3049 1262 3112 ms
1286 3047 1367 3114 dict‘n

201 3149 366 3218 communi
385 3149 547 3211 sententia
567 3147 788 3233 deerepmus,
821 3161 856 3214 nt
872 3153 988 3216 nullus
1019 3152 1157 3234 ampllus
1180 3152 1285 3220 ludus
1308 3141 1384 3234 cuni

204 3254 342 3338 taxillis,
364 3262 420 3316 aut
439 3272 513 3321 cum
542 3253 663 3316 chartis
685 3257 719 3316 ln
741 3253 838 3340 galea
858 3258 961 3339 lieret,
984 3257 1171 3340 neclitigia,
1189 3253 1384 3338 juramenta

204 3369 238 3422 et
258 3362 478 3445 blasphemiae
499 3363 813 3445 (perpetrarentur),
836 3372 870 3425 et
890 3363 977 3446 quod
998 3363 1108 3426 elericl
1130 3371 1163 3424 et
1180 3365 1367 3430 sacerdotes

205 3462 246 3524 ad
266 3476 426 3529 consueta
446 3465 555 3530 officia
577 3467 717 3548 singulls
738 3467 853 3530 diebus
874 3468 1002 3533 litanias
1014 3467 1178 3535 adderent.
1227 3471 1267 3534 lu
1280 3487 1384 3552 prae·

205 3566 301 3637 dictis
332 3571 427 3650 enim,
457 3581 534 3637 arne
559 3571 649 3635 illam
684 3571 936 3658 ordinationem,
964 3575 1086 3638 multae
1119 3571 1367 3638 exorbitatione

204 3671 341 3755 nehem
374 3693 448 3738 nam
474 3678 630 3740 continuo
657 3695 771 3759 mano,
806 3695 962 3764 vespere,
994 3688 1027 3741 et
1054 3676 1367 3752 meridieludebanl

201 3779 377 3859 praecipue
398 3780 881 3862 episcopusGebeueusls·cnm
903 3788 983 3866 suis,
1006 3792 1124 3848 etcum
1145 3783 1209 3848 hoe
1229 3786 1366 3864 pessime

201 3880 372 3963 jurabant,
400 3890 433 3944 ot
469 3883 613 3964 quotidie
653 3887 908 3972 contendebant,
941 3889 1059 3952 Franci
1089 3887 1176 3953 enirn
1211 3896 1244 3948 et
1271 3883 1365 3952 nostrl

204 3984 379 4052 theutonici
400 3994 491 4048 erant
510 3990 545 4050 tn
565 3989 716 4058 continno
737 3995 921 4060 eonomine.
944 3992 1038 4058 Unde
1059 3993 1189 4077 qnidam
1204 3991 1245 4054 de
1263 3993 1364 4058 famu·

204 4087 246 4150 lis
267 4087 386 4152 domini
408 4089 613 4172 Gebenensis
636 4099 796 4179 percussit
808 4098 970 4181 quendam
990 4098 1143 4162 devotum
1165 4095 1361 4164 sacerdotem

203 4191 245 4254 de
266 4197 398 4276 nostris,
417 4204 450 4258 et
470 4195 626 4260 luciditln
645 4205 1023 4273 excommunicationem
1042 4201 1127 4266 Sunt
1146 4199 1361 4268 enim-Franci
