2914 4850
871 203 915 270 to

311 391 490 456 b'nroorurn
513 390 683 454 saevitiem
705 388 857 471 evadere,
871 406 955 473 qnos
976 387 1131 452 videbant
1152 385 1280 451 cottidie
1295 388 1326 450 in
1339 397 1409 450 orno

315 499 499 564 triremibus
519 517 579 582 pro
609 495 732 579 praede
751 513 810 577 per
830 513 920 560 more
939 494 1130 560 dismrere.
1155 495 1347 558 {nonninus
1364 501 1409 562 ruit

276 675 280 683 ,
314 605 356 668 ad
378 604 539 689 quendem
559 603 804 684 stertentem,
824 602 882 684 qui
901 601 977 664 licet
999 612 1090 666 esset
1101 603 1259 664 Patronus
1275 601 1409 685 turpitndi

313 723 424 776 temen
454 711 497 775 od
537 719 683 774 nostrum
715 710 900 790 ingressum
937 707 1107 772 mundavit
1140 708 1270 790 oedem,
1307 717 1339 770 et
1366 723 1409 770 sou

313 818 459 880 removit.
502 813 578 878 Non
601 823 672 877 eret
692 813 779 878 aliod
800 815 975 895 hospitium
997 815 1042 877 ibi
1063 832 1121 898 pro
1149 814 1336 896 peregrinis
1374 813 1409 874 Po

310 922 406 1004 juxta
437 919 568 984 domum
601 921 689 983 iiiam
728 927 798 982 crat
827 919 894 981 olis
928 919 1059 1002 domus,
1092 919 1268 1001 hospitium
1304 919 1409 980 'lurcos

314 1035 543 1109 mercatorum,
565 1033 598 1088 et
618 1035 695 1088 eotu
717 1033 809 1088 erent
829 1025 867 1086 in
887 1041 927 1086 eo
946 1025 1038 1088 multi
1058 1025 1156 1088 nuci
1179 1022 1409 1105 constentinopt

313 1133 381 1194 teni
402 1141 599 1195 mercatores
631 1129 768 1214 divites,
790 1131 863 1213 qui,
894 1139 929 1192 ut
950 1131 1045 1193 nobis
1064 1132 1279 1214 referebatur,
1314 1131 1409 1200 diocbt

314 1237 462 1300 homines
489 1237 560 1321 isti,
593 1238 623 1300 si
643 1236 779 1300 ulterius
801 1238 1036 1320 processerint,
1064 1235 1182 1319 perditi
1215 1245 1300 1299 sunt.
1343 1234 1409 1312 Qun

314 1341 411 1405 etiem
443 1341 484 1405 de
506 1342 624 1404 Turois
653 1341 694 1403 cd
716 1355 776 1404 nos
801 1343 836 1403 in
857 1342 987 1404 domum
1014 1351 1194 1425 venerunt,
1216 1343 1409 1405 svisantesn

312 1466 356 1510 ne
377 1447 475 1512 rebus
496 1447 546 1509 sio
567 1445 729 1508 stantibus
751 1463 842 1510 nnete
861 1448 1073 1529 intraremus,
1094 1449 1172 1530 qrric
1210 1449 1283 1530 copi
1302 1467 1363 1511 nos
1387 1459 1409 1506 s

313 1570 528 1637 consequens.
574 1553 712 1635 Insuper
734 1552 799 1614 dux
820 1551 968 1616 Cardine
983 1559 1021 1614 et
1042 1555 1093 1615 sui
1115 1553 1311 1636 consiliarii,
1334 1554 1409 1618 volet

312 1660 407 1723 nobis
429 1657 681 1722 misericordiam
702 1665 879 1741 proestare,
901 1659 1058 1723 miserunt
1080 1657 1123 1722 ed
1140 1677 1206 1722 nos
1225 1658 1409 1740 Oratoremi

312 1763 528 1849 pulcherrimo
543 1763 686 1827 oratione
695 1761 814 1825 Latine
828 1763 1231 1829 commendaticnostnm
1245 1761 1409 1847 peregrinat

313 1889 388 1932 nem
402 1878 434 1931 ct
453 1868 599 1952 plurimis
620 1869 799 1932 rationibus
811 1868 1022 1933 d'nsuodebn
1044 1869 1227 1934 ulteriorem
1240 1871 1409 1954 pmi'ection

313 1975 489 2038 ostendens
507 1973 576 2057 jorn
598 1983 631 2036 et
651 1974 756 2058 majus
777 1975 957 2058 perronium
976 1991 1074 2058 quem
1094 1976 1282 2062 hucusque,
1303 1979 1409 2060 quioit

314 2077 444 2144 Cretam
462 2088 496 2142 et
516 2079 661 2165 Cyprum
672 2080 827 2147 mediaret
836 2080 979 2144 Rhodus
992 2081 1107 2164 insule,
1125 2093 1298 2164 proceret
1316 2081 1409 2147 obsidi

312 2185 490 2248 'turcorum
510 2187 646 2270 vallato,
672 2205 735 2249 neo
755 2203 929 2268 possemus
949 2185 1111 2270 evadere3
1137 2187 1215 2270 quin
1235 2187 1270 2250 in
1294 2189 1360 2252 boc
1379 2203 1409 2250 m

313 2299 481 2354 occurrent
503 2293 596 2356 nobis
623 2293 801 2358 Tureorum
832 2295 965 2376 piratae.
1009 2282 1192 2356 nausimus
1220 2302 1333 2357 entem
1362 2294 1409 2356 ibi

314 2400 455 2480 quinquo
484 2397 571 2486 dies,
605 2407 638 2462 et
659 2399 746 2461 omni
774 2397 826 2460 die
855 2396 967 2479 pejore
996 2412 1084 2460 nove
1114 2397 1313 2480 occepimus.
1362 2397 1409 2475 cn

312 2511 420 2566 tomen
442 2521 505 2568 non
528 2506 731 2569 obstantibus
766 2501 904 2567 Galbam
924 2503 1067 2586 ingressi
1089 2512 1214 2588 summ,
1232 2511 1268 2566 st
1291 2503 1335 2566 od
1358 2517 1409 2587 pro

313 2609 431 2672 tionem
449 2629 509 2673 nos
524 2609 750 2695 disposuimus.
782 2607 869 2671 Cum
884 2611 998 2670 timore
1012 2617 1119 2670 eutem
1130 2609 1290 2691 navigare
1307 2611 1409 2693 incepi

313 2715 461 2777 timentes
478 2708 617 2778 neforto
633 2723 754 2778 ventus
773 2715 909 2797 veniret,
922 2721 955 2774 ct
972 2721 1096 2796 raptam
1110 2713 1246 2779 Galeam
1259 2714 1294 2775 in
1310 2713 1409 2778 cxerd

312 2827 345 2880 et
378 2818 576 2882 obsidionem
614 2819 790 2881 utrroorum
820 2831 890 2881 nos·
913 2819 1095 2901 projiceret.
1146 2818 1251 2897 Quom
1284 2822 1355 2884 cito
1387 2839 1409 2882 rt

313 2930 406 2985 extra
426 2930 552 3004 portum
577 2922 610 2987 in
632 2923 731 2986 altum
754 2922 919 3008 venimns3
946 2938 1026 2987 eece
1049 2925 1206 3006 aspiravit
1224 2924 1352 2988 ventus
1375 2927 1409 3005 kio

310 3025 413 3088 simus
435 3034 467 3089 et
489 3035 628 3110 optatus,
649 3036 682 3090 ct
703 3029 800 3114 longo
821 3023 1033 3116 sCyolodum
1055 3029 1183 3114 insulis,
1198 3049 1338 3112 quorum
1355 3031 1409 3093 ltn

310 3130 414 3212 primo
434 3140 495 3215 est,
512 3146 572 3196 nos
595 3132 667 3216 (B)
690 3134 794 3218 ejecit.
832 3137 875 3198 lut
897 3137 1080 3199 ferebamur
1095 3137 1242 3218 impulsu
1252 3154 1409 3219 prospero

311 3243 497 3320 ventorum,
521 3237 576 3323 qui
605 3242 755 3308 corrttnne
777 3240 1050 3324 succrescebant,
1080 3249 1113 3302 et
1133 3260 1224 3304 mare
1244 3241 1409 3304 fremebat

312 3336 428 3404 fluetus
450 3343 707 3408 intumescebant
711 3392 723 3434 7
753 3345 834 3411 odeo
857 3344 944 3426 quod
967 3352 1146 3426 tempestas
1170 3346 1282 3408 vrtide
1305 3347 1409 3412 factet

309 3443 352 3506 Et
377 3449 483 3510 omnia
504 3451 672 3533 superiora
693 3452 789 3514 nevis
816 3450 909 3530 cquis
939 3458 1030 3509 erunt
1061 3450 1206 3530 perfusa.
1250 3451 1357 3530 Haec
1388 3471 1409 3514 ot

310 3556 487 3630 tempestus
507 3565 575 3618 eret
597 3556 809 3619 suluberrimo
830 3553 924 3614 nobis
947 3559 1014 3614 tum
1038 3553 1114 3635 quio
1135 3561 1271 3637 repente
1292 3557 1409 3639 impet}

310 3670 370 3714 nos
389 3653 430 3715 od
442 3663 555 3736 portus
563 3660 716 3744 intentos,
734 3670 803 3724 tum
816 3657 912 3719 etiam
929 3657 1005 3736 qnia
1018 3656 1157 3726 reddidit
1176 3677 1236 3722 nos
1254 3661 1295 3722 ab
1315 3662 1409 3724 invm

309 3757 486 3822 'l'nroorum
518 3779 662 3825 securos.
718 3760 803 3839 Quia
841 3760 1042 3843 imposdbile
1073 3771 1142 3824 orat
1184 3771 1336 3828 nostram
1380 3785 1409 3828 nt

309 3861 382 3940 oapi
414 3862 447 3923 in
480 3871 544 3928 tam
574 3866 784 3951 tepidissimo
809 3880 907 3928 cursu
947 3865 1150 3930 existentem.
1209 3867 1262 3931 Ex
1294 3877 1390 3933 tunc

310 3962 517 4046 deposuimus
539 3987 666 4032 omnem
688 3971 876 4051 opporotum
899 3971 1060 4055 bertinum,
1084 3971 1296 4054 bomberdes,
1323 3991 1409 4060 cusp

309 4067 452 4151 lenones,
475 4077 569 4133 scuto
591 4081 623 4134 ct
645 4073 797 4156 clypeos,¹
816 4073 951 4138 bolistos
974 4085 1006 4137 et
1028 4095 1134 4158 orcus,
1147 4077 1287 4159 'lapidee
1314 4087 1353 4140 et
1377 4080 1409 4161 jo

309 4173 426 4255 quibus
448 4175 481 4235 in
504 4175 650 4259 Cornyrc
676 4175 813 4242 Galeam
856 4189 999 4243 nostram
1031 4182 1228 4244 munivimus
1258 4183 1409 4246 eontra}

307 4293 379 4304 ·····
383 4297 411 4328 *n
445 4278 626 4365 incursum,
659 4282 734 4363 quie
763 4282 908 4347 vidimus
938 4300 999 4346 nos
1028 4285 1176 4348 inimicos
1215 4287 1331 4350 crucis
1369 4289 1409 4352 Ci
