2596 4788
692 157 757 224 aet)

138 371 278 436 eumque
301 343 477 427 benedixit,
499 351 530 405 et
552 343 832 424 prommissionem
854 336 902 399 de
931 331 1125 395 nascituro
1159 324 1250 389 cnm

139 479 178 524 eo
197 453 449 543 praenuntiavit,
468 466 651 533 panemque
671 457 706 510 et
727 450 838 509 vinnm
873 439 1029 506 obtulit.
1094 433 1158 495 Cui
1185 431 1257 492 Atrn

138 564 297 652 primitias
318 567 350 622 et
373 555 516 619 decimas
552 553 711 635 omnium,
740 569 824 634 qnae
851 545 1045 622 habebat,
1081 537 1180 601 dedit.
1218 535 1261 595 ln‘t

138 671 210 734 loeo
232 675 351 729 terram
380 660 557 724 deoseulati
579 675 702 740 snmus,
725 667 759 718 et
779 651 1029 736 indulgentias
1065 645 1134 726 st)
1162 643 1264 720 reeepin

140 785 173 838 et
203 775 347 853 leoimna,
375 765 472 849 juxta
503 763 590 848 qnod
618 764 763 826 hortatur
790 755 991 842 Apostolus
1025 751 1133 814 Rom.
1160 743 1188 808 7.
1215 745 1268 806 dion

140 874 317 956 intuemini,
339 877 481 954 quantus
503 865 809 934 hiollelohiaedeoh
831 867 884 946 sit,
909 863 978 925 cui
1013 857 1177 920 decimas
1200 849 1271 910 dedit«

141 979 324 1066 praecipuis
346 978 510 1039 Abraham
533 973 725 1059 patriarcha.
747 971 799 1032 lle
819 971 874 1031 illo
896 968 935 1030 S.
956 957 1222 1028 Melchisedeolr
1237 955 1271 1015 nt

141 1100 242 1168 ttnpra
271 1084 325 1146 lol.
361 1082 438 1151 ild.
463 1081 500 1143 ll.
554 1080 606 1141 Ab
634 1079 690 1141 illa
722 1075 847 1160 capella
876 1069 1126 1135 transivimus
1158 1062 1197 1124 ad
1221 1045 1273 1120 nod

142 1192 232 1255 ohori
254 1189 430 1272 ecelesiae,
452 1204 552 1268 snpra
571 1183 612 1248 ad
631 1183 779 1246 dextram
801 1185 988 1262 gyrantes,
1019 1181 1061 1235 et
1099 1169 1196 1250 longe
1214 1149 1273 1242 latet*

141 1315 202 1381 per
221 1295 385 1357 civitatem
406 1293 571 1374 respicere
590 1297 787 1373 poteramus,
809 1291 844 1345 et
862 1280 1078 1344 distantiam
1110 1293 1133 1336 a
1154 1281 1247 1356 porta,
1258 1265 1273 1347 p

143 1418 239 1484 qnam
261 1399 418 1462 Dominus
445 1396 547 1459 Jesns
580 1413 653 1458 eum
683 1409 779 1455 eruoe
810 1388 948 1452 ednotus
987 1386 1137 1462 fueret,
1171 1363 1273 1457 mquel

145 1514 283 1568 montem
307 1502 490 1586 Calvartae,
513 1483 631 1585 optime
652 1507 763 1562 notare
784 1504 985 1580 poteramus.
1272 1469 1273 1506 ¹

118 1780 124 1804 ,
194 1707 338 1786 Atrium
364 1719 449 1786 ante
474 1709 670 1788 eeclesiam
701 1705 820 1784 saneti
845 1701 1045 1806 sepulchri
1082 1697 1180 1773 haee
1202 1677 1273 1764 lota

319 1830 439 1928 habet,
462 1841 500 1909 et
523 1834 562 1907 in
588 1856 634 1908 eo
661 1839 756 1922 sunt,
780 1854 872 1928 qnae
896 1831 1129 1926 sequuntur.

231 2015 294 2078 llis
315 2015 398 2078 visis
414 2013 641 2078 deseendimus
662 2031 720 2097 per
731 2010 863 2094 gratim,
884 2027 943 2092 per
968 2023 1063 2090 quos
1083 1993 1267 2065 „murmur

148 2118 182 2182 in
204 2119 316 2200 templi
343 2121 457 2182 atrium
464 2165 474 2203 ‚
503 2129 537 2182 et
565 2139 666 2202 prope
690 2120 807 2181 ostium
820 2121 1025 2177 monstratus
1051 2110 1119 2174 fuit
1138 2093 1267 2171 nolula*

148 2221 277 2306 qnidam
298 2226 332 2288 in
342 2225 529 2308 pavimento
553 2223 636 2306 (ll),
658 2224 710 2286 oni
733 2230 825 2283 erant
845 2221 1008 2302 impressa
1023 2211 1174 2294 vestigia
1190 2203 1267 2266 dsstffl

147 2328 265 2411 pedum
285 2331 434 2412 hominis,
456 2347 495 2391 ao
516 2330 546 2392 si
566 2331 662 2391 homo
683 2335 784 2390 staret
804 2341 909 2406 snper·
923 2338 1077 2388 massam
1097 2331 1186 2382 errae
1200 2301 1263 2369 mill

149 2443 182 2495 et
203 2435 304 2516 pedes
337 2439 504 2518 inliguret‚
534 2443 565 2496 et
588 2433 716 2496 videtur
743 2430 934 2512 manifeste,
967 2427 1060 2513 qnod
1097 2425 1209 2505 figurae
1229 2407 1266 2470 illt

149 2539 361 2622 vestigiorum
398 2561 462 2604 non
496 2548 574 2604 sunt
610 2537 784 2600 artilioiose
824 2533 923 2616 lapidi
948 2535 1099 2612 innisae,
1128 2522 1183 2588 sed
1204 2515 1260 2594 ll'l'n

149 2643 381 2726 miraon103de
405 2663 469 2728 qno
491 2654 600 2710 tamen
621 2641 857 2706 nullalrabetnr
876 2638 1047 2702 certitudo.
1071 2633 1264 2698 Diountmnn

150 2747 237 2830 qnod
257 2749 399 2829 vestigia
419 2750 475 2812 illa
499 2751 565 2813 sint
586 2749 716 2812 Domini
736 2747 819 2809 Jesu
840 2743 884 2806 ibi
906 2743 1025 2805 stantis
1045 2742 1109 2805 sub
1139 2748 1205 2814 rupe
1219 2719 1260 2786 cll

150 2851 272 2930 variae,
294 2857 328 2910 et
348 2867 439 2916 snam
460 2848 943 2933 oruoilixionemexspeotantis.
964 2847 1055 2910 Ante
1077 2848 1161 2910 huno
1178 2827 1263 2915 upum

152 2953 389 3036 prostravimus
403 2975 475 3042 nos,
497 2967 530 3022 et
551 2965 668 3022 saneta
696 2955 875 3020 deoseulati
902 2969 1015 3015 snmus
1045 2947 1188 3030 vestigia
1217 2927 1259 2995 nir

152 3067 391 3142 cousequenter
411 3065 630 3145 processimus
652 3080 753 3145 prope
774 3063 896 3123 exitum
918 3055 959 3120 de
981 3059 1086 3141 atrio,
1112 3061 1143 3116 et
1160 3052 1187 3111 ln
1202 3042 1262 3102 llll

152 3165 312 3249 verrimus,
330 3166 385 3230 ubi
393 3167 551 3234 Dominus
573 3167 722 3252 bajulans
742 3166 806 3230 sibi
830 3176 961 3247 ornoem
982 3179 1118 3245 gravem
1130 3135 1258 3221 *dicimini

153 3291 250 3337 ornoe
270 3273 433 3337 oorrnisse
452 3293 529 3358 pree
542 3275 695 3358 angustia
716 3281 749 3334 et
770 3272 910 3354 horrore,
934 3287 1008 3332 enm
1026 3267 1162 3332 vidisset
1179 3259 1261 3317 intra

154 3399 264 3464 rupem
286 3376 474 3464 Calvariee,
504 3389 540 3442 nt
567 3397 667 3462 supra
695 3381 801 3460 patuit
825 3375 881 3437 lol.
909 3373 961 3438 92.
1013 3375 1079 3436 llio
1106 3371 1185 3432 loona
1206 3363 1257 3418 ⁸⁸⁰⁸

154 3487 302 3567 signatus
323 3491 375 3547 est
395 3481 518 3570 lapide,
538 3487 572 3548 in
592 3501 687 3568 quem
709 3481 831 3545 multae
858 3496 972 3543 eruoes
1004 3487 1082 3541 snnt
1108 3471 1211 3540 tornat
1226 3467 1260 3537 W

155 3589 352 3672 peregrinos.
395 3589 492 3653 Hune
509 3607 592 3674 ergo
615 3590 720 3652 looum
743 3585 921 3650 deoseulati
942 3601 1054 3647 sumus
1086 3593 1119 3646 et
1146 3566 1256 3648 inungo

155 3692 218 3754 tias
241 3693 324 3776 (ἦ)
347 3693 511 3775 plenariae
535 3695 737 3760 remissionis
759 3690 953 3774 aooepimns.

301 3935 481 4016 Palatium
505 3942 605 4041 regis
629 3941 836 4020 Jerusalem
854 3944 966 4042 juxta
992 3936 1163 4040 templum.

239 4119 319 4181 l’ost
341 4119 427 4181 haee
447 4117 489 4176 de
512 4122 593 4182 atrio
614 4120 775 4184 exivimus
803 4127 838 4182 et
859 4121 1036 4184 insinistra
1056 4129 1143 4202 parte
1154 4093 1248 4177 otrtltl'¹⁰

156 4235 213 4294 per
242 4218 360 4280 ostiam
389 4213 549 4298 quoddam
578 4222 718 4299 ingressi
744 4225 778 4286 in
805 4225 932 4290 hortum
969 4223 1127 4306 quendam
1154 4211 1249 4286 vatillo
