2792 4778
692 190 759 260 ‚lm

143 376 216 460 ejus
248 371 423 457 exultavit,
466 372 557 437 dum:
592 374 802 458 Magnifica,
837 357 993 456 hyinnum
1030 365 1315 454 jucundissimum,

103 555 109 570 ,
145 480 348 559 decantavit,
370 497 413 541 ex
433 495 496 562 quo
516 493 597 560 puer
618 479 750 544 clausus
771 481 806 543 in
824 483 917 540 utero
939 474 1101 538 excitatus
1121 476 1159 564 in
1174 475 1315 558 jubilum

145 583 344 667 assurrexit,
365 591 400 646 et
420 582 617 664 exsultavit,
645 585 679 644 et
698 581 761 644 hoc
780 581 852 646 loco
883 583 1018 646 visitato
1040 579 1135 644 rediit
1155 580 1191 644 in
1211 580 1317 643 Jeru-

145 687 257 752 salem.

227 789 381 856 Secundo
403 791 544 856 creditur
566 791 706 874 singulis
727 792 894 856 mensibus
921 791 1092 862 transiisse
1105 744 1318 891 dfflsa-

145 897 209 960 lem
239 898 273 966 in
301 897 510 978 Bethlehem,
538 903 572 958 et
600 895 645 958 ibi
666 896 799 959 intravit
832 896 1039 980 speluncam,
1071 899 1105 958 in
1140 914 1206 979 qua
1240 895 1317 958 huic

145 1001 265 1068 mundo
297 1002 407 1066 lumen
439 1010 603 1068 aeternum
636 999 765 1084 effudit,
798 1002 913 1064 desum
941 997 1107 1064 Christum
1138 999 1318 1063 Dominum

144 1117 300 1173 nostrum.
342 1100 505 1186 Quantum
526 1103 807 1188 autem'gpudium
829 1106 862 1168 in
879 1107 941 1170 hoc
963 1105 1034 1169 loco
1056 1105 1215 1187 hahuerit,
1240 1102 1316 1186 quis

146 1231 299 1306 enarrare
319 1210 463 1276 valebit't
485 1213 574 1276 hoco
596 1212 681 1273 enim
708 1211 979 1294 indulgentiarum
1009 1207 1175 1293 plenariae
1197 1208 1317 1271 remis-

146 1321 260 1399 sionis,
283 1335 364 1403 quas
388 1317 442 1381 alii
463 1301 654 1402 peccatores
676 1319 715 1377 ab
737 1316 800 1380 hoc
821 1317 893 1380 loco
911 1297 1090 1397 deportant,
1109 1314 1182 1395 ipsa
1200 1329 1318 1394 repor-

150 1425 232 1488 tavit
254 1440 328 1486 cum
349 1424 611 1506 augmentatione
632 1415 815 1484 meritorulb
847 1421 1023 1506 menariam
1045 1417 1144 1481 animi
1168 1416 1319 1480 illustra·

146 1529 267 1592 tionem
288 1537 320 1590 ct
344 1519 604 1590 consolationem.
628 1525 668 1609 0,
684 1544 779 1610 quam
800 1529 916 1590 suavis
932 1533 965 1586 et
985 1524 1075 1588 utilis
1092 1521 1316 1586 commutatiot

200 1669 209 1683 ·
233 1633 343 1695 'lertio
364 1630 503 1714 siugulis
526 1631 639 1694 diebus
674 1630 748 1694 loca
778 1631 1044 1700 strictissimam
1075 1627 1261 1691 Jerusalem
1284 1636 1319 1688 et

148 1756 207 1822 per
236 1737 406 1800 circuitum
432 1737 568 1800 visitare
597 1736 729 1802 studuit.
772 1735 872 1818 Matre
900 1738 1004 1818 enim,
1034 1729 1318 1818 appropinquante

148 1861 273 1926 aurora,
293 1840 526 1906 communicata
547 1859 567 1904 a
588 1841 739 1904 Johanue
761 1845 795 1904 iu
817 1851 926 1906 moute
955 1841 1047 1924 Syou
1068 1840 1218 1922 Domini,
1241 1856 1316 1900 cum

149 1951 220 2014 ruis
250 1949 431 2036 virginibus
459 1947 577 2033 exivit,
611 1955 643 2008 et
672 1948 882 2013 coenaculum
913 1946 992 2010 illud
1022 1945 1317 2028 grande-suatum

148 2055 280 2118 ultimae
310 2071 434 2117 coenae
471 2035 623 2136 ingressa
654 2052 930 2135 contemplabatur
967 2053 1126 2114 immensa
1158 2049 1243 2112 dena
1272 2049 1318 2112 ibi

149 2161 290 2224 humano
311 2159 424 2242 generi
444 2157 577 2241 collata,
610 2165 643 2218 et
663 2143 821 2242 mysteria
842 2137 1319 2239 protubdtisstmosutuouatur,

151 2264 310 2338 sessionis
331 2262 388 2326 lilii
411 2265 462 2327 sui
485 2263 734 2326 deosculabatur
754 2262 859 2347 locum
883 2271 943 2326 etc.
978 2265 1023 2324 Et
1044 2261 1120 2330 inde
1141 2277 1319 2344 progressa

152 2354 281 2434 domum
301 2367 419 2432 Annae
440 2369 572 2433 intravit
584 2368 760 2450 pontificis,
782 2377 814 2432 et
835 2369 885 2434 ibt
902 2368 985 2430 fusis
1006 2367 1156 2450 precibus
1171 2365 1320 2449 Caiphae

151 2477 272 2540 curiam
293 2475 443 2558 ingressa
464 2492 530 2535 nou
565 2475 689 2556 absque
711 2492 855 2537 moerore
876 2470 1103 2537 considerabat
1130 2472 1188 2536 lilii
1209 2453 1264 2535 sui
1284 2473 1319 2534 iu

152 2571 265 2644 eadem
296 2579 390 2660 domo
419 2578 586 2642 molestias
615 2597 799 2662 perpessas.
856 2577 983 2642 Deinde
1011 2577 1053 2640 de
1083 2587 1193 2642 moute
1223 2576 1319 2661 Syon

151 2687 315 2750 civitatem
347 2699 484 2767 egressa
517 2692 660 2748 montem
689 2675 862 2748 Calcariad
895 2682 1059 2766 ascendit,
1091 2691 1126 2746 et
1156 2681 1320 2746 accedens

151 2809 264 2874 rupem
285 2790 392 2853 crucis
408 2789 576 2873 ipsamque
598 2790 769 2873 complexa
790 2791 917 2856 dulcius
938 2789 1206 2873 deosculabatur,
1225 2799 1321 2852 ccm-

135 2913 250 2978 passa
277 2881 529 2960 dulcissimoibi
551 2893 732 2979 crucifixo,
755 2905 788 2960 et
815 2861 1099 2982 congratulabltur
1123 2912 1191 2958 uon
1212 2893 1320 2966 minus

154 3001 374 3064 dulcissimam
396 2983 611 3064 devotionem·
623 2979 783 3064 redemtis.
806 3003 858 3067 Ex
877 3002 955 3066 inda
972 2997 1099 3066 hortum
1119 2998 1320 3064 monumenti

153 3105 286 3170 Domini
304 3105 456 3187 ingressa
476 3103 519 3166 ad
540 3095 645 3186 (154
653 3106 708 3189 A)
733 3106 840 3171 locum
861 3109 962 3191 veuit,
982 3108 1038 3171 ubi
1059 3123 1176 3189 corpus
1188 3104 1322 3168 Domini

154 3213 207 3276 sui
231 3222 263 3277 et
279 3202 341 3275 'titii
358 3211 529 3294 ¹inunctum
550 3209 611 3272 fuit
642 3215 684 3272 et
695 3215 891 3279 aromatibus
913 3212 1093 3295 conditum,
1113 3220 1146 3274 et
1167 3211 1213 3272 ibi
1240 3227 1322 3292 pro-

153 3324 257 3381 strata
283 3313 422 3401 lapidem
444 3308 556 3379 osculo
579 3314 802 3400 deosculabar,
831 3328 864 3381 et
891 3320 991 3393 citius
1011 3317 1087 3380 inde
1115 3331 1255 3398 surgens
1276 3313 1322 3376 ad

154 3418 393 3488 mouumuuum
414 3421 545 3485 Domini
556 3425 656 3509 ,veuit
662 3467 673 3506 ,
706 3431 740 3486 et
756 3424 1059 3506 specumingressa
1095 3419 1323 3502 tumulumque

154 3528 323 3609 complexa
345 3524 499 3589 ineffabili
527 3527 646 3610 gaudio
669 3528 714 3589 ibi
738 3528 932 3611 replebatur.
977 3529 1030 3591 tls
1052 3528 1205 3591 hisvero
1235 3525 1322 3588 locis

154 3639 280 3696 semota
301 3629 342 3694 de
363 3621 472 3694 montio
494 3627 668 3696 calvariae
689 3631 993 3698 descendit..contra
1019 3633 1160 3696 civitatis
1182 3639 1322 3714 portam,

154 3745 187 3800 et
208 3737 242 3802 in
263 3738 319 3799 via
338 3755 403 3826 uon
423 3737 589 3801 immemor
600 3737 666 3816 ‚niti
690 3739 758 3820 sui,
781 3736 909 3823 quaudo
933 3757 992 3821 per
1013 3757 1084 3800 eam
1105 3739 1201 3821 gravi
1221 3751 1321 3800 eruce

154 3850 306 3907 oneratur
329 3842 391 3906 fuit
411 3840 548 3906 eductus
555 3851 621 3924 ‚⁰et
641 3831 675 3909 in
697 3844 796 3926 locis,
817 3845 873 3908 ubi
893 3843 1019 3908 viderat
1050 3843 1151 3907 tilium
1180 3839 1236 3905 vel
1257 3842 1320 3904 sub

153 3948 262 4011 crucis
283 3967 382 4010 onera
403 3929 537 4030 cadere,
564 3948 619 4010 vel
637 3948 745 4032 aliqua
767 3949 925 4034 singulari
950 3949 1067 4031 injuria
1088 3947 1218 4029 nexui,
1241 3965 1322 4029 pro-

154 4060 259 4116 strata
278 4054 401 4117 orabat.
446 4055 491 4116 Et
511 4055 558 4116 ita
576 4055 769 4139 urbemper
789 4063 913 4139 portam
933 4053 1138 4146 judiciariam
1159 4053 1322 4134 ingressa,

153 4158 188 4220 in
207 4159 404 4241 praetorium
423 4157 521 4222 Pilati
541 4155 702 4240 ascendit,
723 4167 758 4222 et
777 4159 851 4223 loca
872 4159 1101 4242 flagellationis
1127 4165 1161 4219 et
1181 4159 1322 4220 corona-

155 4259 462 4358 tioniskdeosuulata
482 4264 605 4347 gratias
632 4263 710 4345 egit.
751 4263 795 4327 Et
815 4280 953 4348 egressa
972 4265 1006 4330 iu
1028 4263 1157 4332 domum
1179 4261 1322 4328 Herodis
