2608 4842
672 103 739 170 ull

123 289 268 357 vidimus
293 295 327 351 et
354 303 526 354 mensum
551 288 678 370 ,mouth
717 281 900 364 calvariae,
928 291 960 345 et
983 279 1108 348 denuo
1139 243 1286 484 dmi

123 396 242 461 affectu
264 393 415 456 delectati
435 408 560 457 snmus.
604 391 642 452 ln
664 390 737 472 ipso
754 389 851 451 etium
873 387 955 450 atrio
978 385 1081 450 loeus
1102 387 1176 452 ille
1201 406 1244 450 sa

124 517 279 564 marmore
300 501 449 580 signatus
464 505 525 582 est,
538 494 571 558 in
589 494 823 582 qnoDominns
833 493 934 556 Jesus
948 509 1090 554 crucem
1116 493 1282 574 bajulam

123 604 240 680 videns
262 601 432 686 scopulum
454 599 626 664 Calvariae
647 618 725 682 prae
744 600 898 681 angustia
922 597 982 660 snb
1004 614 1122 660 cruce
1152 599 1194 662 in
1221 608 1287 688 terre

124 711 254 774 cerruit.
296 709 395 772 Hune
418 705 525 770 locum
544 685 792 768 ¹devotissimum
813 702 936 766 crebris
967 699 1112 766 vicibus
1142 703 1287 766 deoscul

124 831 236 880 snmus
255 821 288 876 et
310 812 418 874 multis
438 810 613 893 lachrymis
634 809 775 890 vestigia
794 807 851 871 illa
870 808 1056 890 sanguinea
1081 808 1288 892 irrigaviuu

125 930 160 984 et
181 919 238 982 illo
258 927 334 982 sunt
359 913 642 982 osculaverunt
661 912 746 976 Jesu
766 913 917 996 vestigia.
950 912 1026 974 Nec
1048 913 1254 993 putandum
1271 929 1288 976 n

126 1042 239 1089 carere
254 1022 426 1106 mysterio,
448 1019 534 1105 qnod
557 1019 662 1101 prim
684 1018 828 1100 vestigia
848 1024 941 1083 erant
972 1017 1074 1083 nobb
1106 1017 1161 1080 de
1192 1037 1288 1100 corps

126 1129 249 1194 Christi
279 1127 425 1213 glorioso
458 1125 566 1189 oblata
597 1132 631 1186 et
659 1121 806 1200 secunda
827 1123 876 1199 ‚de
907 1140 1043 1204 corpore
1072 1124 1289 1209 flagellator

127 1229 503 1316 crucifigendo(98A),
523 1238 560 1292 nt
581 1229 816 1310 ostenderetur,
830 1228 1289 1314 hicnihilaliudquaerendrr

128 1341 193 1403 nisi
214 1337 351 1420 gloriam
382 1335 574 1418 coelestem,
606 1333 648 1396 ad
670 1352 768 1416 quau
790 1353 882 1398 nemo
904 1334 993 1396 venit
1026 1334 1098 1396 nisi
1126 1354 1195 1418 per
1217 1337 1289 1398 cruor

127 1443 365 1526 bajulationem.
422 1441 526 1522 Igitur
555 1439 718 1502 exercitiis
749 1439 801 1502 his
832 1441 931 1504 fluitis
959 1439 1072 1502 educti
1106 1437 1237 1502 fuimus
1257 1454 1290 1520 pn

130 1545 263 1612 Calinos
285 1545 325 1608 de
347 1545 439 1626 atrio,
462 1543 517 1608 vel
534 1541 576 1606 de
592 1542 702 1626 platea
723 1544 829 1608 sancti
860 1523 1043 1626 seprdchri,
1069 1552 1106 1606 et
1143 1564 1207 1628 per
1230 1547 1288 1605 viu

130 1660 208 1716 ante
227 1651 365 1732 plateam
376 1656 643 1732 pertranseuntes
662 1666 706 1712 ex
717 1649 864 1732 opposito
886 1647 997 1730 templi
1017 1649 1135 1711 sancti
1153 1649 1288 1732 sepulchri

131 1773 258 1820 sursum
284 1753 489 1818 ascendimus
515 1753 557 1816 ad
582 1753 742 1835 hospitale
771 1751 807 1816 S.
833 1753 1010 1836 lobannis,
1043 1749 1143 1836 quod
1164 1772 1287 1836 mavum

132 1869 183 1924 est
217 1859 438 1934 habitaculum
465 1857 696 1924 testudinatum
708 1903 718 1941 ,
744 1859 895 1921 miserum
926 1867 958 1920 et
986 1853 1200 1945 desolatum,
1236 1878 1286 1941 pur

133 1967 290 2030 duntaxat
319 1963 442 2048 antiqui
461 1961 663 2045 hospitalis,
691 1970 724 2025 et
745 1971 797 2025 est
830 1963 1041 2040 incrustent
1071 1973 1160 2028 sunt
1195 1983 1285 2046 magn

133 2070 308 2134 refectoria
328 2069 499 2154 inmagnis
514 2067 737 2149 conventibus,
759 2069 920 2152 inquibus
942 2068 1063 2134 multus
1076 2071 1285 2134 monachornn

134 2182 188 2238 est
208 2191 374 2236 numerus.
398 2175 442 2236 Et
462 2173 507 2236 ibi
523 2171 759 2255 conjunxerunt
775 2191 814 2236 se
834 2175 996 2258 peregrini
1015 2193 1076 2256 per
1097 2193 1184 2239 suas
1204 2175 1285 2237 socie

136 2287 233 2344 tates.
265 2280 366 2344 Porro
389 2277 515 2344 nobiles
536 2275 578 2339 de
598 2275 730 2361 Suavis,
751 2279 883 2345 Domini
903 2281 976 2363 mei,
995 2279 1185 2344 hahuerunt
1206 2281 1284 2342 locun

136 2386 170 2448 in
202 2384 267 2448 hue
299 2383 497 2460 habitaculi,
538 2383 594 2445 ubi
622 2391 676 2445 est
708 2383 865 2466 quaedam
902 2383 1056 2468 habitatio
1088 2383 1282 2448 seorsumrl

137 2490 221 2573 aliis,
241 2491 275 2553 iu
296 2489 366 2554 looo
392 2489 504 2555 clauso
526 2496 559 2550 et
579 2487 713 2570 pulchro
735 2497 768 2551 et
787 2489 934 2554 honesto.
959 2487 1077 2554 Comes
1098 2509 1183 2553 vero
1204 2491 1282 2554 doui-

138 2613 199 2658 nus
230 2593 399 2658 lohannes
432 2594 474 2657 de
507 2591 616 2656 Solus
648 2611 720 2656 cum
754 2611 814 2657 sna
839 2597 996 2661 societate
1017 2595 1215 2658 transierunt
1232 2613 1281 2656 cun

139 2698 255 2762 Calino
277 2717 382 2781 parvo
392 2697 584 2780 llllphohallo
604 2698 638 2760 in
658 2697 787 2762 domum
810 2718 913 2785 snum,
933 2707 965 2763 et
984 2701 1031 2764 ibi
1051 2699 1280 2762 msrrsemnth

140 2821 213 2866 mea
235 2804 337 2884 prima
360 2803 618 2885 peregrinatione
645 2823 711 2866 non
732 2803 851 2868 luimus
873 2804 960 2868 ducti
988 2802 1217 2889 inhospitum,
1241 2799 1279 2865 sel

140 2909 174 2971 in
196 2904 356 2992 quandam
379 2905 506 2972 domum
528 2922 680 2992 magnum
702 2912 762 2972 snb
795 2895 904 2974 monte
943 2910 1050 2992 Syon,
1075 2910 1111 2972 in
1130 2909 1245 2990 Mello,
1259 2915 1279 2968 et

142 3012 186 3076 ibi
206 3011 386 3097 deguimus,
408 3029 631 3098 necunquam
653 3021 730 3078 tunc
750 3013 818 3078 vidi
839 3015 901 3080 hoc
932 3014 1102 3098 hospitale,
1123 3033 1185 3078 nec
1210 3013 1279 3092 sciri

141 3115 227 3202 quod
247 3117 391 3200 vestigia
409 3120 580 3202 hospitalis
601 3117 636 3182 S.
652 3119 814 3183 Johaunis
826 3129 1028 3204 apparerent.
1050 3117 1195 3204 Cumque
1207 3137 1279 3203 pere·

142 3222 227 3307 grini
244 3239 282 3286 se
296 3221 473 3308 locassent,
487 3225 528 3288 ad
549 3225 702 3308 placitum
724 3235 883 3290 venerunt
901 3223 1071 3292 sarraceni
1087 3233 1119 3288 et
1134 3225 1243 3288 ludaei
1258 3231 1279 3284 et

143 3313 317 3393 orientales
339 3327 760 3421 Christianhapportantes
776 3349 899 3417 porres,
918 3349 1044 3414 aquom,
1064 3329 1181 3394 dharia
1200 3339 1279 3408 cocu,

143 3433 1278 3522 ctfruetus,sicntdixifol84.‚dequibnsemer1nrtetmanducaverunt

143 3537 242 3601 Porro
263 3550 357 3622 puter
378 3542 561 3608 Gordianus
583 3541 701 3604 montis
722 3531 814 3624 Syou
835 3539 986 3606 misitad
1005 3541 1157 3624 hospitale
1184 3542 1278 3606 fratres

144 3641 236 3726 duos,
258 3651 292 3706 et
313 3665 425 3712 omnes
454 3627 625 3731 religiosos
656 3645 755 3729 jussit
784 3646 858 3710 duci
888 3645 930 3712 ad
959 3633 1100 3710 montom
1122 3645 1220 3729 Syon3
1243 3645 1278 3706 sie

144 3747 229 3808 enim
250 3759 438 3816 consuetum
459 3761 519 3836 est,
542 3749 627 3839 qnod
649 3751 794 3834 religiosi
816 3748 1066 3816 cumfratribus
1086 3751 1276 3816 minoribnsin

145 3859 253 3914 monte
276 3851 369 3936 Syon
390 3865 528 3920 manent.
575 3856 664 3922 luter
693 3873 777 3940 qnos
807 3875 870 3940 ego
903 3872 975 3920 cnm
1007 3855 1128 3920 dnobus
1152 3853 1276 3922 fratribus

145 3953 265 4020 ordinis
285 3957 563 4044 Pruedicatorum,¹
585 3981 720 4045 qnorum
751 3978 836 4026 unns
858 3972 927 4025 erat
948 3959 1129 4045 provinciae
1146 3961 1275 4026 Frsneire

147 4059 188 4124 de
208 4061 335 4144 insulis,
356 4063 438 4127 alter
459 4083 537 4130 vero
564 4065 605 4128 de
625 4067 777 4151 Neapoli,
799 4067 993 4138 Provinciae
1022 4064 1160 4148 Siciliae,
1178 4065 1273 4130 tuimur

146 4166 256 4233 educti
284 4167 324 4232 de
345 4168 498 4254 hospituh
527 4169 568 4236 ad
597 4181 738 4236 montem
767 4168 861 4260 Syon
892 4175 927 4238 ln
958 4171 1271 4240 convertuntuntur
