<?xml version="1.0" encoding="UTF-8"?>
<!DOCTYPE html PUBLIC "-//W3C//DTD XHTML 1.0 Transitional//EN"
    "http://www.w3.org/TR/xhtml1/DTD/xhtml1-transitional.dtd">
<html xmlns="http://www.w3.org/1999/xhtml" xml:lang="en" lang="en">
 <head>
  <title>
</title>
<meta http-equiv="Content-Type" content="text/html;charset=utf-8" />
  <meta name='ocr-system' content='tesseract 3.04.00' />
  <meta name='ocr-capabilities' content='ocr_page ocr_carea ocr_par ocr_line ocrx_word'/>
</head>
<body>
  <div class='ocr_page' id='page_1' title='image "./fratrisfelicisf01fabrgoog_0017.png"; bbox 0 0 2736 4768; ppageno 0'>
   <div class='ocr_carea' id='block_1_1' title="bbox 163 333 1349 4298">
    <p class='ocr_par' dir='ltr' id='par_1_1' title="bbox 163 333 1349 1569">
     <span class='ocr_line' id='line_1_1' title="bbox 165 333 1349 420; baseline 0 -22"><span class='ocrx_word' id='word_1_1' title='bbox 165 333 364 398; x_wconf 88' lang='lat' dir='ltr'>trasmundi</span> <span class='ocrx_word' id='word_1_2' title='bbox 396 333 591 417; x_wconf 80' lang='lat' dir='ltr'><strong>principales</strong></span> <span class='ocrx_word' id='word_1_3' title='bbox 614 342 723 416; x_wconf 91' lang='lat' dir='ltr'>partes</span> <span class='ocrx_word' id='word_1_4' title='bbox 748 335 877 418; x_wconf 82' lang='lat' dir='ltr'>attingit</span> <span class='ocrx_word' id='word_1_5' title='bbox 899 333 981 396; x_wconf 88' lang='lat' dir='ltr'>haec</span> <span class='ocrx_word' id='word_1_6' title='bbox 1003 333 1231 420; x_wconf 82' lang='lat' dir='ltr'>peregrinatio,</span> <span class='ocrx_word' id='word_1_7' title='bbox 1252 345 1292 398; x_wconf 93' lang='lat' dir='ltr'>ut</span> <span class='ocrx_word' id='word_1_8' title='bbox 1316 337 1349 398; x_wconf 94' lang='lat' dir='ltr'>iu</span> 
     </span>
     <span class='ocr_line' id='line_1_2' title="bbox 165 437 1349 524; baseline -0.004 -17"><span class='ocrx_word' id='word_1_9' title='bbox 165 457 320 523; x_wconf 81' lang='lat' dir='ltr'>processu</span> <span class='ocrx_word' id='word_1_10' title='bbox 343 437 507 515; x_wconf 78' lang='lat' dir='ltr'>secundae</span> <span class='ocrx_word' id='word_1_11' title='bbox 529 439 630 521; x_wconf 88' lang='lat' dir='ltr'>partis</span> <span class='ocrx_word' id='word_1_12' title='bbox 651 439 785 521; x_wconf 83' lang='lat' dir='ltr'>patebit.</span> <span class='ocrx_word' id='word_1_13' title='bbox 828 441 865 502; x_wconf 92' lang='lat' dir='ltr'>ln</span> <span class='ocrx_word' id='word_1_14' title='bbox 890 455 989 521; x_wconf 89' lang='lat' dir='ltr'>super</span> <span class='ocrx_word' id='word_1_15' title='bbox 1007 455 1065 524; x_wconf 89' lang='lat' dir='ltr'>ea,</span> <span class='ocrx_word' id='word_1_16' title='bbox 1094 456 1179 522; x_wconf 91' lang='lat' dir='ltr'>quae</span> <span class='ocrx_word' id='word_1_17' title='bbox 1205 439 1293 502; x_wconf 92' lang='lat' dir='ltr'>mihi</span> <span class='ocrx_word' id='word_1_18' title='bbox 1317 451 1349 502; x_wconf 88' lang='lat' dir='ltr'>et</span> 
     </span>
     <span class='ocr_line' id='line_1_3' title="bbox 165 541 1349 628; baseline 0 -21"><span class='ocrx_word' id='word_1_19' title='bbox 165 545 237 608; x_wconf 89' lang='lat' dir='ltr'>aliis</span> <span class='ocrx_word' id='word_1_20' title='bbox 260 543 513 628; x_wconf 80' lang='lat' dir='ltr'>comperegrinis</span> <span class='ocrx_word' id='word_1_21' title='bbox 542 542 728 606; x_wconf 92' lang='lat' dir='ltr'>acciderunt</span> <span class='ocrx_word' id='word_1_22' title='bbox 756 561 912 628; x_wconf 87' lang='lat' dir='ltr'>prospera</span> <span class='ocrx_word' id='word_1_23' title='bbox 933 551 965 605; x_wconf 92' lang='lat' dir='ltr'>et</span> <span class='ocrx_word' id='word_1_24' title='bbox 988 541 1144 627; x_wconf 90' lang='lat' dir='ltr'>adversa,</span> <span class='ocrx_word' id='word_1_25' title='bbox 1176 562 1293 608; x_wconf 87' lang='lat' dir='ltr'>amara</span> <span class='ocrx_word' id='word_1_26' title='bbox 1315 555 1349 608; x_wconf 91' lang='lat' dir='ltr'>et</span> 
     </span>
     <span class='ocr_line' id='line_1_4' title="bbox 165 647 1349 734; baseline -0.002 -20"><span class='ocrx_word' id='word_1_27' title='bbox 165 649 286 734; x_wconf 88' lang='lat' dir='ltr'>dulcia,</span> <span class='ocrx_word' id='word_1_28' title='bbox 320 669 360 713; x_wconf 89' lang='lat' dir='ltr'>ex</span> <span class='ocrx_word' id='word_1_29' title='bbox 383 649 549 732; x_wconf 90' lang='lat' dir='ltr'>proposito</span> <span class='ocrx_word' id='word_1_30' title='bbox 583 657 616 710; x_wconf 91' lang='lat' dir='ltr'>et</span> <span class='ocrx_word' id='word_1_31' title='bbox 638 667 658 710; x_wconf 91' lang='lat' dir='ltr'>a</span> <span class='ocrx_word' id='word_1_32' title='bbox 679 665 775 732; x_wconf 89' lang='lat' dir='ltr'>casu,</span> <span class='ocrx_word' id='word_1_33' title='bbox 807 657 840 712; x_wconf 86' lang='lat' dir='ltr'>et</span> <span class='ocrx_word' id='word_1_34' title='bbox 872 647 1031 730; x_wconf 78' lang='lat' dir='ltr'><strong>quaedam</strong></span> <span class='ocrx_word' id='word_1_35' title='bbox 1052 647 1290 734; x_wconf 86' lang='lat' dir='ltr'>indifferentia,</span> <span class='ocrx_word' id='word_1_36' title='bbox 1314 659 1349 712; x_wconf 90' lang='lat' dir='ltr'>et</span> 
     </span>
     <span class='ocr_line' id='line_1_5' title="bbox 166 751 1347 839; baseline -0.003 -20"><span class='ocrx_word' id='word_1_37' title='bbox 166 757 275 839; x_wconf 87' lang='lat' dir='ltr'>aliqua</span> <span class='ocrx_word' id='word_1_38' title='bbox 297 751 495 836; x_wconf 78' lang='lat' dir='ltr'>singularia,</span> <span class='ocrx_word' id='word_1_39' title='bbox 527 753 643 816; x_wconf 89' lang='lat' dir='ltr'>intuitu</span> <span class='ocrx_word' id='word_1_40' title='bbox 676 761 858 818; x_wconf 88' lang='lat' dir='ltr'>vestrarum</span> <span class='ocrx_word' id='word_1_41' title='bbox 885 753 1076 820; x_wconf 72' lang='lat' dir='ltr'>charitatum</span> <span class='ocrx_word' id='word_1_42' title='bbox 1109 755 1285 838; x_wconf 76' lang='lat' dir='ltr'>annotavi,</span> <span class='ocrx_word' id='word_1_43' title='bbox 1314 765 1347 816; x_wconf 88' lang='lat' dir='ltr'>et</span> 
     </span>
     <span class='ocr_line' id='line_1_6' title="bbox 165 856 1346 944; baseline -0.001 -21"><span class='ocrx_word' id='word_1_44' title='bbox 165 858 247 923; x_wconf 90' lang='lat' dir='ltr'>adeo</span> <span class='ocrx_word' id='word_1_45' title='bbox 267 856 308 921; x_wconf 90' lang='lat' dir='ltr'>ad</span> <span class='ocrx_word' id='word_1_46' title='bbox 331 857 538 942; x_wconf 90' lang='lat' dir='ltr'>particularia</span> <span class='ocrx_word' id='word_1_47' title='bbox 562 857 773 920; x_wconf 89' lang='lat' dir='ltr'>determinate</span> <span class='ocrx_word' id='word_1_48' title='bbox 796 857 959 944; x_wconf 74' lang='lat' dir='ltr'>alescendi,</span> <span class='ocrx_word' id='word_1_49' title='bbox 979 866 1015 921; x_wconf 88' lang='lat' dir='ltr'>ut</span> <span class='ocrx_word' id='word_1_50' title='bbox 1036 857 1187 925; x_wconf 83' lang='lat' dir='ltr'>narrandi</span> <span class='ocrx_word' id='word_1_51' title='bbox 1208 858 1346 922; x_wconf 90' lang='lat' dir='ltr'>modum</span> 
     </span>
     <span class='ocr_line' id='line_1_7' title="bbox 164 961 1344 1054; baseline 0 -28"><span class='ocrx_word' id='word_1_52' title='bbox 164 963 380 1044; x_wconf 76' lang='lat' dir='ltr'>excesserim,</span> <span class='ocrx_word' id='word_1_53' title='bbox 397 962 603 1054; x_wconf 26' lang='lat' dir='ltr'>·ipsamque,</span> <span class='ocrx_word' id='word_1_54' title='bbox 625 962 841 1026; x_wconf 83' lang='lat' dir='ltr'>narrationem</span> <span class='ocrx_word' id='word_1_55' title='bbox 876 961 1059 1026; x_wconf 89' lang='lat' dir='ltr'>intricatam</span> <span class='ocrx_word' id='word_1_56' title='bbox 1100 962 1344 1046; x_wconf 87' lang='lat' dir='ltr'>quodammodo</span> 
     </span>
     <span class='ocr_line' id='line_1_8' title="bbox 163 1064 1345 1159; baseline -0.001 -28"><span class='ocrx_word' id='word_1_57' title='bbox 163 1066 364 1132; x_wconf 89' lang='lat' dir='ltr'>reddiderim.</span> <span class='ocrx_word' id='word_1_58' title='bbox 420 1064 565 1148; x_wconf 83' lang='lat' dir='ltr'>Contigit</span> <span class='ocrx_word' id='word_1_59' title='bbox 605 1066 691 1130; x_wconf 91' lang='lat' dir='ltr'>enlm</span> <span class='ocrx_word' id='word_1_60' title='bbox 728 1068 805 1132; x_wconf 90' lang='lat' dir='ltr'>mihi</span> <span class='ocrx_word' id='word_1_61' title='bbox 834 1067 927 1159; x_wconf 57' lang='lat' dir='ltr'>pient</span> <span class='ocrx_word' id='word_1_62' title='bbox 963 1067 1105 1131; x_wconf 89' lang='lat' dir='ltr'>&#39;multum</span> <span class='ocrx_word' id='word_1_63' title='bbox 1147 1065 1345 1130; x_wconf 86' lang='lat' dir='ltr'>affectuosis</span> 
     </span>
     <span class='ocr_line' id='line_1_9' title="bbox 165 1169 1344 1257; baseline 0 -21"><span class='ocrx_word' id='word_1_64' title='bbox 165 1173 353 1256; x_wconf 85' lang='lat' dir='ltr'>frequenter</span> <span class='ocrx_word' id='word_1_65' title='bbox 385 1170 534 1234; x_wconf 91' lang='lat' dir='ltr'>accidere</span> <span class='ocrx_word' id='word_1_66' title='bbox 562 1169 663 1248; x_wconf 81' lang='lat' dir='ltr'>solet,</span> <span class='ocrx_word' id='word_1_67' title='bbox 702 1172 757 1254; x_wconf 90' lang='lat' dir='ltr'>qui</span> <span class='ocrx_word' id='word_1_68' title='bbox 789 1170 864 1252; x_wconf 86' lang='lat' dir='ltr'>dpm</span> <span class='ocrx_word' id='word_1_69' title='bbox 893 1171 1056 1255; x_wconf 91' lang='lat' dir='ltr'>ordinate,</span> <span class='ocrx_word' id='word_1_70' title='bbox 1086 1181 1119 1236; x_wconf 90' lang='lat' dir='ltr'>et</span> <span class='ocrx_word' id='word_1_71' title='bbox 1141 1170 1182 1235; x_wconf 88' lang='lat' dir='ltr'>de</span> <span class='ocrx_word' id='word_1_72' title='bbox 1209 1191 1263 1257; x_wconf 92' lang='lat' dir='ltr'>re,</span> <span class='ocrx_word' id='word_1_73' title='bbox 1290 1174 1344 1236; x_wconf 92' lang='lat' dir='ltr'>cui</span> 
     </span>
     <span class='ocr_line' id='line_1_10' title="bbox 163 1274 1344 1360; baseline -0.002 -20"><span class='ocrx_word' id='word_1_74' title='bbox 163 1276 366 1360; x_wconf 86' lang='lat' dir='ltr'>alliciuntur,</span> <span class='ocrx_word' id='word_1_75' title='bbox 396 1274 517 1358; x_wconf 83' lang='lat' dir='ltr'>aliquid</span> <span class='ocrx_word' id='word_1_76' title='bbox 540 1274 647 1338; x_wconf 93' lang='lat' dir='ltr'>dicere</span> <span class='ocrx_word' id='word_1_77' title='bbox 669 1284 723 1338; x_wconf 91' lang='lat' dir='ltr'>aut</span> <span class='ocrx_word' id='word_1_78' title='bbox 744 1294 923 1358; x_wconf 91' lang='lat' dir='ltr'>proponere</span> <span class='ocrx_word' id='word_1_79' title='bbox 945 1275 1080 1359; x_wconf 82' lang='lat' dir='ltr'>debent,</span> <span class='ocrx_word' id='word_1_80' title='bbox 1103 1295 1179 1340; x_wconf 86' lang='lat' dir='ltr'>mox</span> <span class='ocrx_word' id='word_1_81' title='bbox 1199 1275 1344 1338; x_wconf 84' lang='lat' dir='ltr'>affectus</span> 
     </span>
     <span class='ocr_line' id='line_1_11' title="bbox 166 1379 1344 1466; baseline -0.003 -20"><span class='ocrx_word' id='word_1_82' title='bbox 166 1383 324 1446; x_wconf 90' lang='lat' dir='ltr'>rationem</span> <span class='ocrx_word' id='word_1_83' title='bbox 351 1379 576 1466; x_wconf 54' lang='lat' dir='ltr'>praeveniens</span> <span class='ocrx_word' id='word_1_84' title='bbox 591 1381 785 1444; x_wconf 89' lang='lat' dir='ltr'>·orationem</span> <span class='ocrx_word' id='word_1_85' title='bbox 825 1381 930 1463; x_wconf 89' lang='lat' dir='ltr'>ipsam</span> <span class='ocrx_word' id='word_1_86' title='bbox 966 1381 1251 1465; x_wconf 64' lang='lat' dir='ltr'>interruptionibus</span> <span class='ocrx_word' id='word_1_87' title='bbox 1288 1390 1344 1444; x_wconf 86' lang='lat' dir='ltr'>aut</span> 
     </span>
     <span class='ocr_line' id='line_1_12' title="bbox 165 1483 748 1569; baseline -0.01 -19"><span class='ocrx_word' id='word_1_88' title='bbox 165 1485 317 1569; x_wconf 84' lang='lat' dir='ltr'>impedit,</span> <span class='ocrx_word' id='word_1_89' title='bbox 341 1492 397 1546; x_wconf 90' lang='lat' dir='ltr'>aut</span> <span class='ocrx_word' id='word_1_90' title='bbox 416 1483 546 1565; x_wconf 79' lang='lat' dir='ltr'>patritus</span> <span class='ocrx_word' id='word_1_91' title='bbox 569 1483 748 1546; x_wconf 82' lang='lat' dir='ltr'>confundit.</span> 
     </span>
    </p>

    <p class='ocr_par' dir='ltr' id='par_1_2' title="bbox 163 1585 1342 4298">
     <span class='ocr_line' id='line_1_13' title="bbox 251 1585 1341 1673; baseline 0 -21"><span class='ocrx_word' id='word_1_92' title='bbox 251 1587 325 1667; x_wconf 80' lang='lat' dir='ltr'>Qua</span> <span class='ocrx_word' id='word_1_93' title='bbox 345 1589 379 1651; x_wconf 94' lang='lat' dir='ltr'>in</span> <span class='ocrx_word' id='word_1_94' title='bbox 401 1607 436 1651; x_wconf 91' lang='lat' dir='ltr'>ra</span> <span class='ocrx_word' id='word_1_95' title='bbox 453 1587 526 1670; x_wconf 73' lang='lat' dir='ltr'>(B)</span> <span class='ocrx_word' id='word_1_96' title='bbox 538 1585 675 1651; x_wconf 86' lang='lat' dir='ltr'>affectus</span> <span class='ocrx_word' id='word_1_97' title='bbox 695 1587 802 1670; x_wconf 77' lang='lat' dir='ltr'>magis</span> <span class='ocrx_word' id='word_1_98' title='bbox 818 1599 984 1672; x_wconf 89' lang='lat' dir='ltr'>pensatur,</span> <span class='ocrx_word' id='word_1_99' title='bbox 997 1591 1121 1673; x_wconf 88' lang='lat' dir='ltr'>gratius</span> <span class='ocrx_word' id='word_1_100' title='bbox 1140 1595 1341 1672; x_wconf 89' lang='lat' dir='ltr'>acceptatur,</span> 
     </span>
     <span class='ocr_line' id='line_1_14' title="bbox 165 1693 1341 1776; baseline 0.002 -20"><span class='ocrx_word' id='word_1_101' title='bbox 165 1693 331 1757; x_wconf 88' lang='lat' dir='ltr'>liberalius</span> <span class='ocrx_word' id='word_1_102' title='bbox 375 1701 614 1776; x_wconf 86' lang='lat' dir='ltr'>remuneratur,</span> <span class='ocrx_word' id='word_1_103' title='bbox 655 1700 687 1754; x_wconf 88' lang='lat' dir='ltr'>et</span> <span class='ocrx_word' id='word_1_104' title='bbox 718 1693 748 1754; x_wconf 90' lang='lat' dir='ltr'>si</span> <span class='ocrx_word' id='word_1_105' title='bbox 780 1693 856 1776; x_wconf 93' lang='lat' dir='ltr'>quid</span> <span class='ocrx_word' id='word_1_106' title='bbox 890 1695 973 1758; x_wconf 87' lang='lat' dir='ltr'>iorte</span> <span class='ocrx_word' id='word_1_107' title='bbox 1009 1693 1188 1769; x_wconf 78' lang='lat' dir='ltr'>inordinate</span> <span class='ocrx_word' id='word_1_108' title='bbox 1230 1703 1341 1758; x_wconf 85' lang='lat' dir='ltr'>actum</span> 
     </span>
     <span class='ocr_line' id='line_1_15' title="bbox 166 1796 1342 1884; baseline 0.001 -23"><span class='ocrx_word' id='word_1_109' title='bbox 166 1799 282 1884; x_wconf 80' lang='lat' dir='ltr'>fuerit,</span> <span class='ocrx_word' id='word_1_110' title='bbox 325 1806 381 1861; x_wconf 88' lang='lat' dir='ltr'>aut</span> <span class='ocrx_word' id='word_1_111' title='bbox 412 1797 517 1860; x_wconf 91' lang='lat' dir='ltr'>minus</span> <span class='ocrx_word' id='word_1_112' title='bbox 550 1805 661 1860; x_wconf 80' lang='lat' dir='ltr'>ornate</span> <span class='ocrx_word' id='word_1_113' title='bbox 701 1801 919 1883; x_wconf 88' lang='lat' dir='ltr'>propositum,</span> <span class='ocrx_word' id='word_1_114' title='bbox 952 1798 1083 1862; x_wconf 79' lang='lat' dir='ltr'>affectui</span> <span class='ocrx_word' id='word_1_115' title='bbox 1110 1817 1174 1863; x_wconf 90' lang='lat' dir='ltr'>uon</span> <span class='ocrx_word' id='word_1_116' title='bbox 1208 1796 1342 1862; x_wconf 85' lang='lat' dir='ltr'>effectui</span> 
     </span>
     <span class='ocr_line' id='line_1_16' title="bbox 164 1900 1341 1988; baseline -0.002 -20"><span class='ocrx_word' id='word_1_117' title='bbox 164 1905 353 1988; x_wconf 85' lang='lat' dir='ltr'>ascribitur,</span> <span class='ocrx_word' id='word_1_118' title='bbox 375 1900 460 1987; x_wconf 93' lang='lat' dir='ltr'>quod</span> <span class='ocrx_word' id='word_1_119' title='bbox 483 1903 628 1987; x_wconf 86' lang='lat' dir='ltr'>etmihi,</span> <span class='ocrx_word' id='word_1_120' title='bbox 659 1910 770 1985; x_wconf 88' lang='lat' dir='ltr'>utpote</span> <span class='ocrx_word' id='word_1_121' title='bbox 798 1921 923 1966; x_wconf 90' lang='lat' dir='ltr'>summe</span> <span class='ocrx_word' id='word_1_122' title='bbox 956 1903 1179 1988; x_wconf 84' lang='lat' dir='ltr'>affectionato,</span> <span class='ocrx_word' id='word_1_123' title='bbox 1208 1911 1274 1965; x_wconf 86' lang='lat' dir='ltr'>tam</span> <span class='ocrx_word' id='word_1_124' title='bbox 1301 1903 1341 1966; x_wconf 86' lang='lat' dir='ltr'>ad</span> 
     </span>
     <span class='ocr_line' id='line_1_17' title="bbox 163 2006 1340 2092; baseline -0.002 -20"><span class='ocrx_word' id='word_1_125' title='bbox 163 2017 294 2077; x_wconf 86' lang='lat' dir='ltr'>vestras</span> <span class='ocrx_word' id='word_1_126' title='bbox 316 2009 509 2091; x_wconf 83' lang='lat' dir='ltr'>charitates,</span> <span class='ocrx_word' id='word_1_127' title='bbox 531 2026 628 2091; x_wconf 90' lang='lat' dir='ltr'>quam</span> <span class='ocrx_word' id='word_1_128' title='bbox 650 2006 690 2069; x_wconf 97' lang='lat' dir='ltr'>ad</span> <span class='ocrx_word' id='word_1_129' title='bbox 713 2008 881 2072; x_wconf 88' lang='lat' dir='ltr'>materiam</span> <span class='ocrx_word' id='word_1_130' title='bbox 909 2008 1076 2092; x_wconf 86' lang='lat' dir='ltr'>traditam,</span> <span class='ocrx_word' id='word_1_131' title='bbox 1098 2027 1154 2070; x_wconf 94' lang='lat' dir='ltr'>oro</span> <span class='ocrx_word' id='word_1_132' title='bbox 1175 2007 1254 2074; x_wconf 87' lang='lat' dir='ltr'>fieri.</span> <span class='ocrx_word' id='word_1_133' title='bbox 1299 2009 1340 2072; x_wconf 90' lang='lat' dir='ltr'>Ut</span> 
     </span>
     <span class='ocr_line' id='line_1_18' title="bbox 165 2111 1339 2197; baseline -0.002 -20"><span class='ocrx_word' id='word_1_134' title='bbox 165 2132 244 2197; x_wconf 78' lang='lat' dir='ltr'>ergo</span> <span class='ocrx_word' id='word_1_135' title='bbox 277 2113 397 2178; x_wconf 88' lang='lat' dir='ltr'>clarius</span> <span class='ocrx_word' id='word_1_136' title='bbox 427 2121 460 2174; x_wconf 89' lang='lat' dir='ltr'>et</span> <span class='ocrx_word' id='word_1_137' title='bbox 487 2112 585 2175; x_wconf 90' lang='lat' dir='ltr'>latius</span> <span class='ocrx_word' id='word_1_138' title='bbox 612 2129 743 2195; x_wconf 89' lang='lat' dir='ltr'>possem</span> <span class='ocrx_word' id='word_1_139' title='bbox 775 2114 869 2178; x_wconf 91' lang='lat' dir='ltr'>vobis</span> <span class='ocrx_word' id='word_1_140' title='bbox 902 2112 1004 2196; x_wconf 90' lang='lat' dir='ltr'>hanc,</span> <span class='ocrx_word' id='word_1_141' title='bbox 1035 2130 1131 2196; x_wconf 89' lang='lat' dir='ltr'>quam</span> <span class='ocrx_word' id='word_1_142' title='bbox 1166 2111 1339 2196; x_wconf 78' lang='lat' dir='ltr'>petivistis,</span> 
     </span>
     <span class='ocr_line' id='line_1_19' title="bbox 164 2216 1339 2304; baseline -0.002 -22"><span class='ocrx_word' id='word_1_143' title='bbox 164 2218 412 2301; x_wconf 85' lang='lat' dir='ltr'>descriptionem</span> <span class='ocrx_word' id='word_1_144' title='bbox 429 2218 567 2302; x_wconf 87' lang='lat' dir='ltr'>tradere,</span> <span class='ocrx_word' id='word_1_145' title='bbox 583 2224 714 2300; x_wconf 88' lang='lat' dir='ltr'>peraeta</span> <span class='ocrx_word' id='word_1_146' title='bbox 726 2217 830 2299; x_wconf 88' lang='lat' dir='ltr'>prime</span> <span class='ocrx_word' id='word_1_147' title='bbox 847 2218 1105 2304; x_wconf 75' lang='lat' dir='ltr'>peregrinatione</span> <span class='ocrx_word' id='word_1_148' title='bbox 1119 2219 1152 2280; x_wconf 94' lang='lat' dir='ltr'>in</span> <span class='ocrx_word' id='word_1_149' title='bbox 1165 2216 1339 2280; x_wconf 83' lang='lat' dir='ltr'>Conventa</span> 
     </span>
     <span class='ocr_line' id='line_1_20' title="bbox 165 2323 1338 2408; baseline -0.003 -20"><span class='ocrx_word' id='word_1_150' title='bbox 165 2323 371 2407; x_wconf 80' lang='lat' dir='ltr'>cortaistans,</span> <span class='ocrx_word' id='word_1_151' title='bbox 414 2323 576 2408; x_wconf 70' lang='lat' dir='ltr'>laboriose</span> <span class='ocrx_word' id='word_1_152' title='bbox 614 2329 774 2405; x_wconf 75' lang='lat' dir='ltr'>evagatus</span> <span class='ocrx_word' id='word_1_153' title='bbox 813 2333 902 2407; x_wconf 82' lang='lat' dir='ltr'>sum,</span> <span class='ocrx_word' id='word_1_154' title='bbox 943 2340 1092 2406; x_wconf 89' lang='lat' dir='ltr'>peneque</span> <span class='ocrx_word' id='word_1_155' title='bbox 1129 2341 1187 2405; x_wconf 92' lang='lat' dir='ltr'>per</span> <span class='ocrx_word' id='word_1_156' title='bbox 1222 2336 1338 2384; x_wconf 82' lang='lat' dir='ltr'>omnes</span> 
     </span>
     <span class='ocr_line' id='line_1_21' title="bbox 165 2426 1339 2511; baseline -0.002 -19"><span class='ocrx_word' id='word_1_157' title='bbox 165 2427 353 2492; x_wconf 81' lang='lat' dir='ltr'>Canonicae</span> <span class='ocrx_word' id='word_1_158' title='bbox 374 2437 407 2491; x_wconf 91' lang='lat' dir='ltr'>et</span> <span class='ocrx_word' id='word_1_159' title='bbox 440 2427 628 2492; x_wconf 79' lang='lat' dir='ltr'>chatolicae</span> <span class='ocrx_word' id='word_1_160' title='bbox 648 2427 843 2511; x_wconf 87' lang='lat' dir='ltr'>·Scripturae</span> <span class='ocrx_word' id='word_1_161' title='bbox 872 2427 973 2504; x_wconf 81' lang='lat' dir='ltr'>libros</span> <span class='ocrx_word' id='word_1_162' title='bbox 1004 2426 1143 2509; x_wconf 80' lang='lat' dir='ltr'>legendo</span> <span class='ocrx_word' id='word_1_163' title='bbox 1175 2435 1284 2491; x_wconf 83' lang='lat' dir='ltr'>textus</span> <span class='ocrx_word' id='word_1_164' title='bbox 1309 2437 1339 2491; x_wconf 88' lang='lat' dir='ltr'>et</span> 
     </span>
     <span class='ocr_line' id='line_1_22' title="bbox 163 2530 1338 2618; baseline -0.001 -22"><span class='ocrx_word' id='word_1_165' title='bbox 163 2533 316 2618; x_wconf 76' lang='lat' dir='ltr'>glossas,</span> <span class='ocrx_word' id='word_1_166' title='bbox 335 2533 552 2617; x_wconf 78' lang='lat' dir='ltr'>peregriualia</span> <span class='ocrx_word' id='word_1_167' title='bbox 573 2532 669 2610; x_wconf 82' lang='lat' dir='ltr'>etiam</span> <span class='ocrx_word' id='word_1_168' title='bbox 690 2533 825 2598; x_wconf 84' lang='lat' dir='ltr'>militum</span> <span class='ocrx_word' id='word_1_169' title='bbox 846 2535 933 2597; x_wconf 83' lang='lat' dir='ltr'>n&#39;ova</span> <span class='ocrx_word' id='word_1_170' title='bbox 954 2539 986 2593; x_wconf 92' lang='lat' dir='ltr'>et</span> <span class='ocrx_word' id='word_1_171' title='bbox 1008 2539 1120 2593; x_wconf 89' lang='lat' dir='ltr'>vetera</span> <span class='ocrx_word' id='word_1_172' title='bbox 1142 2530 1281 2615; x_wconf 77' lang='lat' dir='ltr'>perlegi,</span> <span class='ocrx_word' id='word_1_173' title='bbox 1308 2544 1338 2595; x_wconf 90' lang='lat' dir='ltr'>et</span> 
     </span>
     <span class='ocr_line' id='line_1_23' title="bbox 166 2632 1338 2726; baseline -0.003 -23"><span class='ocrx_word' id='word_1_174' title='bbox 166 2638 402 2724; x_wconf 87' lang='lat' dir='ltr'>descriptiones</span> <span class='ocrx_word' id='word_1_175' title='bbox 429 2647 535 2702; x_wconf 90' lang='lat' dir='ltr'>terrae</span> <span class='ocrx_word' id='word_1_176' title='bbox 566 2645 700 2726; x_wconf 79' lang='lat' dir='ltr'>sanctae</span> <span class='ocrx_word' id='word_1_177' title='bbox 732 2636 883 2720; x_wconf 87' lang='lat' dir='ltr'>antiquas</span> <span class='ocrx_word' id='word_1_178' title='bbox 911 2644 944 2699; x_wconf 86' lang='lat' dir='ltr'>et</span> <span class='ocrx_word' id='word_1_179' title='bbox 973 2632 1144 2703; x_wconf 81' lang='lat' dir='ltr'>modernas</span> <span class='ocrx_word' id='word_1_180' title='bbox 1175 2639 1338 2720; x_wconf 87' lang='lat' dir='ltr'>perspexi,</span> 
     </span>
     <span class='ocr_line' id='line_1_24' title="bbox 165 2727 1338 2830; baseline -0.002 -22"><span class='ocrx_word' id='word_1_181' title='bbox 165 2743 209 2808; x_wconf 88' lang='lat' dir='ltr'>de</span> <span class='ocrx_word' id='word_1_182' title='bbox 227 2746 345 2830; x_wconf 75' lang='lat' dir='ltr'>quibus</span> <span class='ocrx_word' id='word_1_183' title='bbox 366 2743 517 2808; x_wconf 87' lang='lat' dir='ltr'>omuibus</span> <span class='ocrx_word' id='word_1_184' title='bbox 539 2739 616 2823; x_wconf 89' lang='lat' dir='ltr'>tuli,</span> <span class='ocrx_word' id='word_1_185' title='bbox 652 2739 809 2824; x_wconf 89' lang='lat' dir='ltr'>quidquid</span> <span class='ocrx_word' id='word_1_186' title='bbox 840 2727 1045 2803; x_wconf 86' lang='lat' dir='ltr'>dese&#39;rviehat</span> <span class='ocrx_word' id='word_1_187' title='bbox 1068 2741 1233 2823; x_wconf 85' lang='lat' dir='ltr'>proposito</span> <span class='ocrx_word' id='word_1_188' title='bbox 1254 2760 1338 2826; x_wconf 90' lang='lat' dir='ltr'>meo,</span> 
     </span>
     <span class='ocr_line' id='line_1_25' title="bbox 164 2843 1338 2933; baseline 0.001 -22"><span class='ocrx_word' id='word_1_189' title='bbox 164 2867 206 2914; x_wconf 90' lang='lat' dir='ltr'>ex</span> <span class='ocrx_word' id='word_1_190' title='bbox 239 2868 303 2933; x_wconf 86' lang='lat' dir='ltr'>qua</span> <span class='ocrx_word' id='word_1_191' title='bbox 335 2849 513 2915; x_wconf 79' lang='lat' dir='ltr'>collectura</span> <span class='ocrx_word' id='word_1_192' title='bbox 546 2843 671 2930; x_wconf 82' lang='lat' dir='ltr'>grande</span> <span class='ocrx_word' id='word_1_193' title='bbox 703 2843 857 2908; x_wconf 93' lang='lat' dir='ltr'>volumen</span> <span class='ocrx_word' id='word_1_194' title='bbox 895 2845 1105 2928; x_wconf 88' lang='lat' dir='ltr'>comportavi.</span> <span class='ocrx_word' id='word_1_195' title='bbox 1155 2844 1219 2909; x_wconf 90' lang='lat' dir='ltr'>Pro</span> <span class='ocrx_word' id='word_1_196' title='bbox 1247 2856 1338 2912; x_wconf 88' lang='lat' dir='ltr'>certo</span> 
     </span>
     <span class='ocr_line' id='line_1_26' title="bbox 165 2947 1338 3038; baseline 0 -22"><span class='ocrx_word' id='word_1_197' title='bbox 165 2963 273 3018; x_wconf 89' lang='lat' dir='ltr'>autem</span> <span class='ocrx_word' id='word_1_198' title='bbox 296 2954 379 3038; x_wconf 90' lang='lat' dir='ltr'>dico,</span> <span class='ocrx_word' id='word_1_199' title='bbox 393 2951 480 3037; x_wconf 86' lang='lat' dir='ltr'>quod</span> <span class='ocrx_word' id='word_1_200' title='bbox 501 2967 565 3014; x_wconf 93' lang='lat' dir='ltr'>nou</span> <span class='ocrx_word' id='word_1_201' title='bbox 588 2957 712 3013; x_wconf 88' lang='lat' dir='ltr'>tautum</span> <span class='ocrx_word' id='word_1_202' title='bbox 735 2948 877 3013; x_wconf 91' lang='lat' dir='ltr'>laborem</span> <span class='ocrx_word' id='word_1_203' title='bbox 898 2949 995 3017; x_wconf 79' lang='lat' dir='ltr'>habui</span> <span class='ocrx_word' id='word_1_204' title='bbox 1015 2947 1148 3012; x_wconf 74' lang='lat' dir='ltr'>deloco</span> <span class='ocrx_word' id='word_1_205' title='bbox 1169 2948 1211 3013; x_wconf 90' lang='lat' dir='ltr'>ad</span> <span class='ocrx_word' id='word_1_206' title='bbox 1231 2949 1338 3016; x_wconf 92' lang='lat' dir='ltr'>locum</span> 
     </span>
     <span class='ocr_line' id='line_1_27' title="bbox 163 3052 1337 3142; baseline 0 -22"><span class='ocrx_word' id='word_1_207' title='bbox 163 3055 419 3142; x_wconf 82' lang='lat' dir='ltr'>peregrinando,</span> <span class='ocrx_word' id='word_1_208' title='bbox 451 3061 605 3140; x_wconf 88' lang='lat' dir='ltr'>quantum</span> <span class='ocrx_word' id='word_1_209' title='bbox 627 3053 724 3120; x_wconf 77' lang='lat' dir='ltr'>habui</span> <span class='ocrx_word' id='word_1_210' title='bbox 747 3052 789 3117; x_wconf 87' lang='lat' dir='ltr'>da</span> <span class='ocrx_word' id='word_1_211' title='bbox 809 3055 889 3118; x_wconf 88' lang='lat' dir='ltr'>libro</span> <span class='ocrx_word' id='word_1_212' title='bbox 911 3056 952 3120; x_wconf 88' lang='lat' dir='ltr'>ad</span> <span class='ocrx_word' id='word_1_213' title='bbox 976 3055 1092 3120; x_wconf 88' lang='lat' dir='ltr'>librum</span> <span class='ocrx_word' id='word_1_214' title='bbox 1117 3055 1337 3140; x_wconf 89' lang='lat' dir='ltr'>discurrendo,</span> 
     </span>
     <span class='ocr_line' id='line_1_28' title="bbox 165 3157 1337 3248; baseline 0 -23"><span class='ocrx_word' id='word_1_215' title='bbox 165 3182 250 3248; x_wconf 85' lang='lat' dir='ltr'>quae</span> <span class='ocrx_word' id='word_1_216' title='bbox 285 3163 402 3245; x_wconf 89' lang='lat' dir='ltr'>rende,</span> <span class='ocrx_word' id='word_1_217' title='bbox 442 3159 599 3243; x_wconf 71' lang='lat' dir='ltr'>legendo,</span> <span class='ocrx_word' id='word_1_218' title='bbox 632 3165 666 3221; x_wconf 86' lang='lat' dir='ltr'>ei</span> <span class='ocrx_word' id='word_1_219' title='bbox 693 3157 882 3244; x_wconf 77' lang='lat' dir='ltr'>scribendo,</span> <span class='ocrx_word' id='word_1_220' title='bbox 921 3161 1043 3246; x_wconf 86' lang='lat' dir='ltr'>scripta</span> <span class='ocrx_word' id='word_1_221' title='bbox 1082 3159 1272 3242; x_wconf 79' lang='lat' dir='ltr'>corrigendo</span> <span class='ocrx_word' id='word_1_222' title='bbox 1304 3172 1337 3224; x_wconf 90' lang='lat' dir='ltr'>et</span> 
     </span>
     <span class='ocr_line' id='line_1_29' title="bbox 164 3262 1337 3347; baseline -0.003 -15"><span class='ocrx_word' id='word_1_223' title='bbox 164 3262 399 3333; x_wconf 84' lang='lat' dir='ltr'>concordando.</span> <span class='ocrx_word' id='word_1_224' title='bbox 439 3263 506 3330; x_wconf 83' lang='lat' dir='ltr'>Sed</span> <span class='ocrx_word' id='word_1_225' title='bbox 528 3264 603 3347; x_wconf 86' lang='lat' dir='ltr'>quia</span> <span class='ocrx_word' id='word_1_226' title='bbox 624 3271 700 3346; x_wconf 74' lang='lat' dir='ltr'>post</span> <span class='ocrx_word' id='word_1_227' title='bbox 730 3265 812 3336; x_wconf 83' lang='lat' dir='ltr'>haec</span> <span class='ocrx_word' id='word_1_228' title='bbox 833 3267 940 3334; x_wconf 88' lang='lat' dir='ltr'>omnia</span> <span class='ocrx_word' id='word_1_229' title='bbox 960 3267 993 3330; x_wconf 95' lang='lat' dir='ltr'>in</span> <span class='ocrx_word' id='word_1_230' title='bbox 1016 3263 1260 3332; x_wconf 85' lang='lat' dir='ltr'>multis-dubius</span> <span class='ocrx_word' id='word_1_231' title='bbox 1281 3285 1337 3329; x_wconf 91' lang='lat' dir='ltr'>re-</span> 
     </span>
     <span class='ocr_line' id='line_1_30' title="bbox 163 3367 1335 3456; baseline 0 -20"><span class='ocrx_word' id='word_1_232' title='bbox 163 3373 271 3436; x_wconf 86' lang='lat' dir='ltr'>mansi</span> <span class='ocrx_word' id='word_1_233' title='bbox 292 3381 324 3435; x_wconf 86' lang='lat' dir='ltr'>et</span> <span class='ocrx_word' id='word_1_234' title='bbox 345 3373 498 3456; x_wconf 88' lang='lat' dir='ltr'>incertus,</span> <span class='ocrx_word' id='word_1_235' title='bbox 519 3371 596 3455; x_wconf 86' lang='lat' dir='ltr'>quia</span> <span class='ocrx_word' id='word_1_236' title='bbox 617 3367 719 3432; x_wconf 89' lang='lat' dir='ltr'>multa</span> <span class='ocrx_word' id='word_1_237' title='bbox 740 3369 884 3452; x_wconf 66' lang='lat' dir='ltr'>legeram</span> <span class='ocrx_word' id='word_1_238' title='bbox 905 3379 938 3436; x_wconf 91' lang='lat' dir='ltr'>et</span> <span class='ocrx_word' id='word_1_239' title='bbox 951 3380 1056 3455; x_wconf 59' lang='lat' dir='ltr'>parca</span> <span class='ocrx_word' id='word_1_240' title='bbox 1075 3369 1231 3454; x_wconf 87' lang='lat' dir='ltr'>videram,</span> <span class='ocrx_word' id='word_1_241' title='bbox 1251 3369 1335 3455; x_wconf 89' lang='lat' dir='ltr'>ideo,</span> 
     </span>
     <span class='ocr_line' id='line_1_31' title="bbox 164 3459 1334 3560; baseline 0.001 -21"><span class='ocrx_word' id='word_1_242' title='bbox 164 3485 199 3544; x_wconf 85' lang='lat' dir='ltr'>ut</span> <span class='ocrx_word' id='word_1_243' title='bbox 226 3475 380 3540; x_wconf 86' lang='lat' dir='ltr'>certiores</span> <span class='ocrx_word' id='word_1_244' title='bbox 411 3496 472 3542; x_wconf 91' lang='lat' dir='ltr'>vos</span> <span class='ocrx_word' id='word_1_245' title='bbox 509 3459 694 3558; x_wconf 83' lang='lat' dir='ltr'>redderem,</span> <span class='ocrx_word' id='word_1_246' title='bbox 716 3481 768 3540; x_wconf 89' lang='lat' dir='ltr'>&#39;et</span> <span class='ocrx_word' id='word_1_247' title='bbox 803 3475 973 3542; x_wconf 87' lang='lat' dir='ltr'>audentius</span> <span class='ocrx_word' id='word_1_248' title='bbox 1014 3475 1157 3540; x_wconf 89' lang='lat' dir='ltr'>scrihere</span> <span class='ocrx_word' id='word_1_249' title='bbox 1194 3492 1334 3560; x_wconf 90' lang='lat' dir='ltr'>possem,</span> 
     </span>
     <span class='ocr_line' id='line_1_32' title="bbox 164 3579 1334 3664; baseline 0 -20"><span class='ocrx_word' id='word_1_250' title='bbox 164 3581 285 3644; x_wconf 88' lang='lat' dir='ltr'>Iterato</span> <span class='ocrx_word' id='word_1_251' title='bbox 307 3598 396 3644; x_wconf 91' lang='lat' dir='ltr'>mare</span> <span class='ocrx_word' id='word_1_252' title='bbox 416 3583 554 3647; x_wconf 90' lang='lat' dir='ltr'>transivi</span> <span class='ocrx_word' id='word_1_253' title='bbox 576 3580 618 3644; x_wconf 88' lang='lat' dir='ltr'>ad</span> <span class='ocrx_word' id='word_1_254' title='bbox 639 3579 805 3646; x_wconf 91' lang='lat' dir='ltr'>civitatem</span> <span class='ocrx_word' id='word_1_255' title='bbox 823 3590 970 3647; x_wconf 87' lang='lat' dir='ltr'>sanctam</span> <span class='ocrx_word' id='word_1_256' title='bbox 999 3580 1199 3664; x_wconf 83' lang='lat' dir='ltr'>Jerusalem,</span> <span class='ocrx_word' id='word_1_257' title='bbox 1228 3581 1334 3664; x_wconf 89' lang='lat' dir='ltr'>ibique</span> 
     </span>
     <span class='ocr_line' id='line_1_33' title="bbox 163 3683 1333 3771; baseline 0.003 -23"><span class='ocrx_word' id='word_1_258' title='bbox 163 3686 196 3748; x_wconf 90' lang='lat' dir='ltr'>iu</span> <span class='ocrx_word' id='word_1_259' title='bbox 211 3684 292 3748; x_wconf 87' lang='lat' dir='ltr'>locis</span> <span class='ocrx_word' id='word_1_260' title='bbox 306 3685 429 3750; x_wconf 87' lang='lat' dir='ltr'>sanctis</span> <span class='ocrx_word' id='word_1_261' title='bbox 442 3686 551 3751; x_wconf 91' lang='lat' dir='ltr'>multis</span> <span class='ocrx_word' id='word_1_262' title='bbox 570 3685 683 3752; x_wconf 87' lang='lat' dir='ltr'>diebus</span> <span class='ocrx_word' id='word_1_263' title='bbox 701 3685 794 3770; x_wconf 78' lang='lat' dir='ltr'>degi3</span> <span class='ocrx_word' id='word_1_264' title='bbox 816 3695 891 3771; x_wconf 85' lang='lat' dir='ltr'>post</span> <span class='ocrx_word' id='word_1_265' title='bbox 905 3702 988 3770; x_wconf 88' lang='lat' dir='ltr'>quos</span> <span class='ocrx_word' id='word_1_266' title='bbox 1004 3702 1155 3768; x_wconf 80' lang='lat' dir='ltr'>magnum</span> <span class='ocrx_word' id='word_1_267' title='bbox 1174 3683 1333 3752; x_wconf 91' lang='lat' dir='ltr'>desertum</span> 
     </span>
     <span class='ocr_line' id='line_1_34' title="bbox 164 3789 1333 3876; baseline 0.003 -25"><span class='ocrx_word' id='word_1_268' title='bbox 164 3789 294 3874; x_wconf 92' lang='lat' dir='ltr'>intravi,</span> <span class='ocrx_word' id='word_1_269' title='bbox 317 3797 350 3852; x_wconf 91' lang='lat' dir='ltr'>et</span> <span class='ocrx_word' id='word_1_270' title='bbox 368 3809 427 3874; x_wconf 95' lang='lat' dir='ltr'>per</span> <span class='ocrx_word' id='word_1_271' title='bbox 437 3791 591 3856; x_wconf 85' lang='lat' dir='ltr'>Arabiam</span> <span class='ocrx_word' id='word_1_272' title='bbox 610 3791 652 3855; x_wconf 89' lang='lat' dir='ltr'>ad</span> <span class='ocrx_word' id='word_1_273' title='bbox 670 3800 812 3856; x_wconf 88' lang='lat' dir='ltr'>montem</span> <span class='ocrx_word' id='word_1_274' title='bbox 826 3791 939 3876; x_wconf 77' lang='lat' dir='ltr'>Syriai,</span> <span class='ocrx_word' id='word_1_275' title='bbox 961 3800 994 3855; x_wconf 88' lang='lat' dir='ltr'>et</span> <span class='ocrx_word' id='word_1_276' title='bbox 1010 3789 1086 3854; x_wconf 91' lang='lat' dir='ltr'>inde</span> <span class='ocrx_word' id='word_1_277' title='bbox 1105 3790 1138 3854; x_wconf 94' lang='lat' dir='ltr'>in</span> <span class='ocrx_word' id='word_1_278' title='bbox 1148 3789 1333 3874; x_wconf 81' lang='lat' dir='ltr'>Aegyptum</span> 
     </span>
     <span class='ocr_line' id='line_1_35' title="bbox 164 3892 1332 3980; baseline 0.003 -24"><span class='ocrx_word' id='word_1_279' title='bbox 164 3892 319 3958; x_wconf 87' lang='lat' dir='ltr'>descendi</span> <span class='ocrx_word' id='word_1_280' title='bbox 341 3913 399 3979; x_wconf 93' lang='lat' dir='ltr'>per</span> <span class='ocrx_word' id='word_1_281' title='bbox 421 3913 509 3960; x_wconf 88' lang='lat' dir='ltr'>oram</span> <span class='ocrx_word' id='word_1_282' title='bbox 531 3897 629 3960; x_wconf 88' lang='lat' dir='ltr'>maris</span> <span class='ocrx_word' id='word_1_283' title='bbox 644 3895 745 3960; x_wconf 79' lang='lat' dir='ltr'>rubri:</span> <span class='ocrx_word' id='word_1_284' title='bbox 768 3896 946 3980; x_wconf 85' lang='lat' dir='ltr'>Accipieus</span> <span class='ocrx_word' id='word_1_285' title='bbox 968 3895 1002 3958; x_wconf 92' lang='lat' dir='ltr'>in</span> <span class='ocrx_word' id='word_1_286' title='bbox 1021 3895 1169 3959; x_wconf 89' lang='lat' dir='ltr'>omuibus</span> <span class='ocrx_word' id='word_1_287' title='bbox 1187 3895 1238 3960; x_wconf 88' lang='lat' dir='ltr'>his</span> <span class='ocrx_word' id='word_1_288' title='bbox 1253 3894 1332 3960; x_wconf 92' lang='lat' dir='ltr'>locis</span> 
     </span>
     <span class='ocr_line' id='line_1_36' title="bbox 163 3998 1331 4086; baseline 0.003 -24"><span class='ocrx_word' id='word_1_289' title='bbox 163 3998 407 4083; x_wconf 89' lang='lat' dir='ltr'>certitudinem,</span> <span class='ocrx_word' id='word_1_290' title='bbox 430 4002 603 4072; x_wconf 87' lang='lat' dir='ltr'>conferens</span> <span class='ocrx_word' id='word_1_291' title='bbox 626 4017 683 4082; x_wconf 89' lang='lat' dir='ltr'>ea,</span> <span class='ocrx_word' id='word_1_292' title='bbox 704 4018 789 4086; x_wconf 86' lang='lat' dir='ltr'>quae</span> <span class='ocrx_word' id='word_1_293' title='bbox 811 4003 901 4086; x_wconf 89' lang='lat' dir='ltr'>prius</span> <span class='ocrx_word' id='word_1_294' title='bbox 924 4000 1066 4084; x_wconf 77' lang='lat' dir='ltr'>legeram</span> <span class='ocrx_word' id='word_1_295' title='bbox 1088 4009 1121 4064; x_wconf 88' lang='lat' dir='ltr'>et</span> <span class='ocrx_word' id='word_1_296' title='bbox 1142 3999 1331 4083; x_wconf 84' lang='lat' dir='ltr'>collegeram</span> 
     </span>
     <span class='ocr_line' id='line_1_37' title="bbox 167 4101 1331 4189; baseline 0.003 -23"><span class='ocrx_word' id='word_1_297' title='bbox 167 4101 209 4166; x_wconf 86' lang='lat' dir='ltr'>ad</span> <span class='ocrx_word' id='word_1_298' title='bbox 230 4103 303 4187; x_wconf 86' lang='lat' dir='ltr'>ipsa</span> <span class='ocrx_word' id='word_1_299' title='bbox 324 4103 415 4184; x_wconf 90' lang='lat' dir='ltr'>loca,</span> <span class='ocrx_word' id='word_1_300' title='bbox 445 4115 479 4169; x_wconf 92' lang='lat' dir='ltr'>et</span> <span class='ocrx_word' id='word_1_301' title='bbox 509 4106 756 4172; x_wconf 86' lang='lat' dir='ltr'>concordantias</span> <span class='ocrx_word' id='word_1_302' title='bbox 786 4113 972 4171; x_wconf 88' lang='lat' dir='ltr'>sanctarum</span> <span class='ocrx_word' id='word_1_303' title='bbox 1002 4105 1231 4189; x_wconf 83' lang='lat' dir='ltr'>scripturarum</span> <span class='ocrx_word' id='word_1_304' title='bbox 1260 4124 1331 4170; x_wconf 88' lang='lat' dir='ltr'>cum</span> 
     </span>
     <span class='ocr_line' id='line_1_38' title="bbox 167 4205 1330 4298; baseline 0.006 -30"><span class='ocrx_word' id='word_1_305' title='bbox 167 4205 266 4293; x_wconf 91' lang='lat' dir='ltr'>locis,</span> <span class='ocrx_word' id='word_1_306' title='bbox 296 4216 329 4274; x_wconf 90' lang='lat' dir='ltr'>at</span> <span class='ocrx_word' id='word_1_307' title='bbox 350 4207 423 4275; x_wconf 88' lang='lat' dir='ltr'>loca</span> <span class='ocrx_word' id='word_1_308' title='bbox 451 4227 526 4278; x_wconf 90' lang='lat' dir='ltr'>cum</span> <span class='ocrx_word' id='word_1_309' title='bbox 557 4211 726 4296; x_wconf 86' lang='lat' dir='ltr'>scripturis</span> <span class='ocrx_word' id='word_1_310' title='bbox 756 4219 911 4298; x_wconf 88' lang='lat' dir='ltr'>quantum</span> <span class='ocrx_word' id='word_1_311' title='bbox 938 4211 1047 4296; x_wconf 91' lang='lat' dir='ltr'>potui,</span> <span class='ocrx_word' id='word_1_312' title='bbox 1079 4210 1273 4294; x_wconf 76' lang='lat' dir='ltr'>investigavi</span> <span class='ocrx_word' id='word_1_313' title='bbox 1299 4220 1330 4275; x_wconf 94' lang='lat' dir='ltr'>et</span> 
     </span>
    </p>
   </div>
   <div class='ocr_carea' id='block_1_2' title="bbox 0 0 1372 4768">
    <p class='ocr_par' dir='ltr' id='par_1_3' title="bbox 0 0 1372 4768">
     <span class='ocr_line' id='line_1_39' title="bbox 0 0 1372 4768; baseline 0 3"><span class='ocrx_word' id='word_1_314' title='bbox 0 0 1372 4768; x_wconf 95' lang='lat' dir='ltr'> </span> 
     </span>
    </p>
   </div>
  </div>
 </body>
</html>
