2792 4778
622 187 684 253 tat

54 373 101 420 se
127 365 259 427 truncus
281 361 379 447 cedri,
401 363 564 432 etiisaios
586 378 750 454 rupturam
762 372 886 438 arboris
896 371 1039 458 intravit,
1061 383 1093 440 ct
1106 374 1237 440 reclusa

54 465 233 546 apertione
251 469 442 552 prophetam
464 472 643 556 abscondit.
686 475 762 541 Rex
784 487 892 542 autem
917 497 978 542 nec
997 482 1060 544 hoo
1080 481 1236 546 miraculo

55 587 247 637 conversus
268 575 414 638 arborem
436 576 535 640 incidi
556 578 645 661 iecit,
666 589 699 644 et
720 582 909 667 prophetam
932 591 1114 648 extractum
1136 602 1237 653 neca·
1278 612 1288 627 ⁴

54 675 125 758 vit,
144 673 265 758 jubens
286 697 358 742 eum
379 681 488 764 lignea
507 700 598 747 serra
618 703 677 768 per
697 687 838 752 medium
859 687 974 752 scindi.
1017 691 1055 752 ln
1077 690 1140 752 hoc
1165 689 1237 753 loco

56 778 208 844 diximus
239 785 402 846 orationes
434 786 600 871 signatas,
632 799 666 852 ct
696 791 916 876 indulgentias
950 792 1131 876 recepimus
1166 793 1245 876 (is),

57 881 142 961 Quo
161 885 249 950 iacto
269 889 331 954 sub
352 890 465 953 umbra
488 892 610 960 arboris
634 893 841 959 conserimus
866 899 1132 981 etpausavimus,
1154 915 1236 961 con·
1270 936 1277 944 -

57 989 210 1055 ferentes
231 992 273 1056 de
294 996 466 1059 sanctitate
487 999 663 1081 prophetae
683 1000 771 1064 illius
786 1001 831 1063 ibi
857 1002 968 1085 occisi,
992 999 1034 1064 de
1052 1020 1115 1084 quo
1136 1001 1236 1066 Jero·

59 1113 188 1178 uymus
211 1097 301 1183 dicit,
324 1099 409 1182 quod
431 1102 464 1163 in
486 1121 547 1166 sua
567 1104 735 1188 prophetia
749 1105 1013 1188 videaturmagis
1030 1105 1236 1190 evangelium
1305 1181 1307 1184 ¹

58 1205 194 1286 texere,
216 1221 312 1287 quam
332 1205 532 1287 prophetiam
552 1211 767 1294 conscribere,
802 1208 877 1277 ideo
897 1219 1046 1273 nontam
1069 1211 1236 1292 propheta,

58 1323 168 1388 quam
189 1309 392 1390 evmgotista
426 1317 478 1373 est
506 1310 672 1380 dicendus
717 1314 841 1380 Idcirco
869 1316 941 1399 ejus
962 1315 1154 1401 prophetiae
1178 1334 1237 1418 per

63 1410 247 1474 adveutum
282 1412 411 1519 Domini
453 1425 487 1478 et
522 1420 556 1481 in
598 1428 694 1482 nocte
730 1421 911 1486 nativitatis
942 1419 1070 1484 Christi
1106 1429 1173 1482 tam
1203 1411 1237 1481 in

57 1518 237 1580 matutinis
260 1534 357 1601 quam
375 1523 408 1584 in
422 1523 537 1588 Missis
557 1522 709 1607 leguntur
730 1536 892 1610 tamquam
916 1524 1020 1590 (dcta
1031 1523 1235 1607 evangelica
1245 1607 1248 1615 γ

58 1619 207 1702 Propter
231 1625 436 1690 eminentiam
457 1645 589 1694 suarum
611 1631 840 1716 scripturarum
866 1631 966 1714 jussit
986 1629 1021 1696 S.
1045 1628 1237 1695 Ambrosius

9 1831 10 1836 ἵ
57 1724 296 1813 Augustinum,
318 1732 446 1800 noviter
466 1749 670 1820 conversum,
690 1733 802 1821 legere
823 1737 1011 1822 prophetam
1036 1735 1183 1799 Esaiam.

9 2241 11 2290 l

9 2351 11 2396 l

119 1945 184 2024 De.
204 1949 287 2028 loco
294 2008 305 2050 ,
338 1953 376 2064 in
412 1979 483 2056 quo
516 1955 564 2032 ad
589 1955 753 2037 arborem
775 1951 887 2032 ludas
914 1978 957 2030 se
984 1954 1186 2058 suspendit.

152 2131 274 2212 Quieta
290 2139 382 2204 linita
393 2138 454 2202 sub
471 2135 619 2220 praefata
629 2137 744 2203 arbore
753 2137 972 2222 processimus
988 2120 1246 2223 consequenter,

62 2249 100 2306 et
121 2241 155 2304 in
175 2258 334 2325 processu
354 2242 497 2306 ostendit
509 2243 605 2306 nobis
628 2242 759 2326 quida'm
779 2243 896 2325 locum,
918 2243 973 2306 ubi
983 2251 1118 2312 steterat
1130 2243 1235 2324 arbor,

62 2343 111 2411 ad
131 2363 228 2429 quam
248 2348 347 2412 ludas
368 2345 513 2429 proditor
538 2365 577 2411 se
597 2347 786 2431 suspendit,
809 2355 844 2410 et
864 2345 1001 2417 volebat
1022 2364 1083 2410 nos
1117 2346 1237 2409 ducere

9 2459 10 2500 i
62 2448 111 2514 ad
132 2451 247 2516 locum.
292 2451 360 2516 Sed
374 2452 629 2536 dedignabantur
649 2468 722 2516 eum
744 2452 890 2536 visitare,
905 2467 967 2514 nco
978 2449 1093 2535 pedem
1105 2435 1237 2533 propter

63 2573 142 2619 eum
163 2557 352 2620 volebamus
372 2572 535 2642 menore,
555 2558 619 2620 imo
650 2565 686 2620 et
718 2555 830 2620 oculos
860 2553 984 2620 taeduit
1013 2571 1074 2619 nos
1095 2554 1137 2617 ad
1160 2572 1234 2616 eum

64 2661 305 2743 respiciendum
326 2662 452 2746 levare,
481 2681 554 2730 cum
576 2661 665 2726 nulla
685 2663 728 2724 sit
749 2661 794 2726 ibi
815 2661 1001 2746 gratianeo
1022 2658 1245 2742 indulgentia„

9 2787 11 2816 t
64 2765 130 2830 sed
152 2782 276 2850 poena,
298 2767 410 2831 horror
431 2777 464 2832 et
483 2769 669 2850 ignominia.
710 2767 834 2830 Verum
856 2773 969 2829 contra
989 2763 1094 2826 locum
1115 2761 1234 2846 pauiu-

67 2881 139 2936 tum
176 2873 348 2956 stetimus,
386 2881 420 2935 et
461 2875 697 2955 responsorium
732 2869 975 2954 opprobriosum
1007 2875 1120 2933 contra
1162 2885 1235 2930 eum

9 2974 223 3057 legimus:
244 2973 451 3052 lievclabnnt
471 2976 554 3040 coeli
569 2977 769 3096 iniquitatem
787 2973 898 3056 Indae,
921 2982 955 3038 ot
974 2983 1060 3038 terra
1074 2972 1235 3038 adversus

68 3097 145 3146 eom
168 3089 352 3166 consurget

9 3341 10 3386 t
68 3316 129 3390 De
173 3315 359 3407 cavernis,
404 3316 441 3392 in
488 3343 577 3418 quas
626 3293 867 3416 confugerunt
908 3311 1081 3416 Apostoli
1127 3319 1235 3413 capto

383 3424 558 3533 Domino,
590 3448 629 3515 et
654 3437 705 3514 ibi
729 3437 924 3512 latuemnt.

154 3617 261 3682 Contu
286 3617 521 3684 maledictionis
541 3617 642 3684 iudae
661 3617 752 3682 finito
774 3632 833 3700 per
860 3612 980 3678 clivum
1002 3611 1121 3676 montis
1143 3609 1235 3694 lyon

70 3723 299 3789 descendimus
327 3723 361 3784 in
381 3721 522 3804 vdlem,
555 3737 644 3809 queo.
660 3721 776 3788 dividit
805 3721 912 3802 ipsum
936 3726 1076 3780 montom
1097 3714 1190 3798 Syon
1216 3733 1236 3777 a

70 3836 179 3893 monte
191 3825 300 3912 (lyon,
322 3834 355 3890 et
368 3826 466 3890 voltis
485 3827 543 3890 ills
562 3834 654 3892 areta
671 3835 740 3908 est,
761 3834 796 3889 et
813 3821 1047 3907 jungiturvaiii
1061 3821 1151 3916 Siloa
1162 3820 1235 3904 (B)

10 3947 16 3968 ¹
70 3932 232 3997 mediante
258 3949 316 4016 ea;
348 3929 466 3996 vallem
488 3945 568 4013 ergo
598 3929 686 3994 illam
719 3938 841 3996 arctam
875 3927 1100 4010 transivimus,
1132 3935 1165 3990 et
1194 3923 1236 3990 ad

73 4037 201 4102 radices
231 4037 350 4100 montis
370 4033 594 4099 acheldamatr
623 4033 775 4098 venimus
803 4053 846 4098 ex
871 4033 1035 4118 opposito,
1065 4034 1121 4117 qui
1143 4045 1236 4094 mons

73 4153 124 4207 est
144 4145 177 4208 iu
190 4143 340 4208 accubitu
351 4141 472 4204 montis
483 4137 582 4224 Gyan
596 4138 638 4203 ad
648 4137 841 4223 aquilonem,
855 4140 942 4206 sicut
953 4153 1047 4202 mons
1061 4134 1235 4200 Calvariao

72 4257 124 4312 est
150 4249 184 4312 io
212 4245 509 4358 occubitubmoatis
540 4231 647 4329 Syon'
665 4243 707 4307 ad
725 4241 925 4328 ‚aquilonem
961 4237 1093 4308 'Grada
1117 4248 1236 4322 tamen,
