2608 4842
551 163 618 232 818

7 359 111 406 oro
136 354 295 425 emetur,
316 343 448 426 lunam,
468 345 653 412 etllarnino
674 357 708 411 et
723 347 912 414 bominibus
932 347 1180 416 abominabilem

7 451 227 530 ctionem,
250 455 285 512 et
305 445 598 532 incomparabiliter
618 451 739 516 rnelins
760 471 838 516 esse
856 455 980 520 talibus
1001 456 1179 540 abstinere,

7 573 69 614 ,ιιι
107 571 156 616 se
179 571 254 616 oum
286 561 376 640 tanta
407 557 567 620 coecitate
598 556 718 620 divinis
743 559 912 644 ingerere,
947 561 1031 644 irao,
1059 561 1179 624 arelius

38 657 203 722 fuisset
228 657 467 742 lunaolymam
497 679 563 726 non
589 663 725 726 vidisse.
776 661 937 728 Gondolui
967 666 1178 730 reltanenter

7 761 226 827 (sularibus
233 807 244 846 ,
279 765 336 846 qni
364 763 553 849 adstabant,
595 776 628 832 et
659 785 734 832 tum
760 767 878 850 grandi
905 771 1062 836 seandalo
1094 771 1178 835 haee

7 867 268 938 nsiderabant,
310 871 383 952 Ego
407 870 492 933 forte
512 889 555 933 ex
576 871 785 936 indevotione
801 891 877 936 mea
893 893 959 938 non
983 885 1108 939 tanturn
1128 875 1177 940 lui

7 980 136 1036 setus
167 970 211 1036 ad
239 973 483 1058 eelebrandarn,
523 983 678 1058 qnantum
709 977 773 1057 illi,
805 980 916 1060 potins
943 997 965 1042 a
990 979 1178 1043 Jerusalem

9 1095 38 1138 e
82 1077 322 1142 celebratione
352 1082 584 1163 reaesslssem,
622 1095 720 1164 quarn
743 1100 801 1164 pro
823 1082 896 1145 loeo
917 1085 1175 1148 contendissem.

7 1203 135 1266 nuper
166 1191 279 1246 tamen
307 1186 380 1248 sine
407 1185 512 1268 litigio
542 1187 650 1249 loenur
681 1187 780 1251 habui
808 1188 844 1248 in
869 1188 953 1252 loeis
972 1191 1112 1276 optatis,
1143 1191 1178 1252 ia

7 1307 91 1352 rma
124 1297 163 1351 et
195 1289 341 1352 seeundo
368 1291 639 1373 peregrinatione.
681 1291 757 1358 Vidi
790 1293 949 1376 quosdam
985 1295 1085 1377 alios,
1120 1295 1177 1378 qui

7 1389 126 1456 idem
162 1413 231 1456 non
259 1395 515 1477 contendebant,
547 1414 608 1458 neo
628 1396 814 1479 litigabant,
841 1397 902 1460 sed
923 1407 959 1460 et
984 1417 1059 1462 eum
1079 1400 1115 1461 vi
1142 1407 1177 1460 et

7 1501 201 1583 patientia
221 1500 396 1582 irruebant,
415 1499 523 1565 albam
541 1501 584 1564 ad
604 1518 644 1564 se
664 1503 841 1585 trabentes,
857 1503 941 1566 adeo
960 1505 1174 1586 potestative,

7 1606 70 1668 rod
92 1623 198 1668 nemo
218 1621 322 1668 ansus
343 1612 414 1668 erat
434 1621 473 1666 se
493 1607 541 1668 eis
562 1625 734 1688 opponere.
757 1609 802 1670 lot
821 1607 898 1669 illos
914 1607 1174 1691 inperfeetiores

7 1711 204 1794 igantibus
221 1710 386 1792 judicavi,
407 1717 444 1771 et
461 1711 569 1792 magis
590 1712 790 1781 temerarios.
831 1711 893 1774 llla
913 1715 1107 1796 oentinguat
1127 1731 1171 1776 ex

7 1817 131 1879 afeetu
164 1815 302 1898 ordinis,
330 1814 459 1897 qnando
483 1832 544 1876 res·
569 1831 633 1878 non
664 1816 841 1880 ordinatur.
883 1819 922 1880 ln
949 1818 1055 1900 priua
1082 1819 1173 1882 eni·

10 1941 60 1984 ea
86 1920 358 2004 peregrinatione
377 1927 470 1982 erant
490 1918 582 1982 multi
602 1920 794 1982 saeerdotes
818 1922 1000 2004 peregrini,
1021 1931 1055 1984 et
1074 1923 1172 2004 pauei

7 2028 84 2110 lei,
113 2034 150 2088 et
169 2043 235 2088 non
256 2031 326 2086 eret
347 2021 570 2089 resordinata
587 2041 647 2106 per
667 2025 796 2106 iratres,
818 2032 853 2086 et
872 2034 953 2088 tune
973 2026 1075 2090 multa
1093 2026 1173 2090 talia

7 2132 198 2194 eciderunt.
247 2131 285 2192 lu
323 2127 469 2198 seeunda
507 2137 616 2190 autern
657 2129 918 2212 peregrinatione
949 2139 1043 2194 erant
1074 2131 1172 2213 panei

7 2235 204 2320 seerdotes,
223 2241 258 2296 et
280 2235 372 2298 multi
384 2233 600 2316 saeenlares,
620 2243 655 2296 et
673 2241 769 2316 pater
788 2232 992 2317 (iardianus,
1015 2236 1068 2300 vir
1089 2253 1172 2318 pnr-

7 2355 102 2419 eus„
120 2339 204 2400 bene
223 2348 340 2415 nunna
360 2339 581 2422 ordinaverat,
603 2339 690 2421 quad
711 2357 765 2402 res
784 2338 923 2422 panidos
943 2341 1110 2404 tnesibaa

86 2441 234 2505 Consano
263 2453 387 2524 antem,
422 2463 525 2528 quare
557 2443 747 2510 saeerdotes
776 2443 828 2506 sio
851 2443 1023 2526 festinant,
1055 2451 1091 2506 et
1110 2461 1170 2526 pro

7 2564 72 2610 ooo
102 2549 312 2633 contendunt,
345 2558 423 2614 sunt
454 2553 577 2614 variae.
620 2551 694 2612 Una
714 2555 769 2610 est
796 2548 993 2632 quandoque
1022 2549 1111 2611 furor
1136 2557 1170 2612 et

7 2651 141 2718 levatio·
154 2653 193 2716 ad
209 2653 290 2718 looa*
308 2663 439 2736 sanata,
471 2673 555 2738 quae
575 2661 666 2716 tanta
685 2661 754 2735 est,
786 2651 877 2736 quod
896 2661 1035 2736 generat
1060 2652 1168 2716 zelun

9 2759 220 2842 ndisoretnrn,
240 2770 275 2822 ot
295 2761 469 2842 praeripias
487 2761 524 2820 in
545 2758 609 2841 eis,
626 2759 687 2841 qui
708 2776 774 2820 nou
793 2759 914 2822 babent
935 2758 1168 2823 discretionem

7 2872 35 2924 et
57 2865 267 2948 sanetitatern,
289 2863 454 2947 (ΙΜΔ)
474 2874 512 2928 et
529 2865 615 2930 tales
636 2865 752 2928 tierent
771 2879 910 2946 semper,
930 2862 1019 2948 qnod
1039 2871 1168 2945 tenpus

7 2987 72 3030 non
94 2967 181 3034 detur
199 2973 266 3051 eis,
300 2988 367 3052 quo
395 2987 476 3036 snae
504 2968 668 3034 devotioni
695 2967 842 3033 satisfiat.
883 2969 962 3032 Atta
988 2978 1057 3050 eat,
1088 2969 1168 3051 qula

7 3072 99 3136 multi
118 3073 300 3138 awerdotes
319 3075 354 3137 in
371 3082 450 3137 voto
470 3074 600 3156 babeat,
620 3075 707 3157 qnod
722 3073 824 3140 volitat
839 3075 1006 3140 eelebrare
1026 3073 1166 3136 lusan

7 3195 103 3240 unam
123 3187 174 3240 ant
195 3178 277 3242 duas
296 3181 331 3241 in
352 3187 467 3242 saneta
489 3178 676 3262 sepulelaro3
697 3189 732 3242 et
752 3180 812 3261 illi,
832 3187 870 3244 nt
887 3190 1000 3244 rmum
1021 3177 1167 3256 solvant,

8 3282 195 3346 contendunt
217 3289 253 3345 et
283 3289 436 3344 conatum
467 3284 601 3348 faniam.
660 3283 739 3346 Alis
766 3293 834 3346 est:
865 3285 997 3366 qntdarn
1029 3282 1168 3343 ventura

9 3387 98 3450 misai
118 3389 157 3448 ab
177 3388 268 3470 aliis,
290 3387 346 3466 qui
367 3393 479 3470 votum
506 3387 662 3450 veniendi
682 3387 818 3468 implere
838 3407 904 3450 non
931 3392 1081 3468 possunt.
1125 3381 1169 3442 lllt

12 3489 56 3552 illi
78 3493 245 3554 mittentes.
260 3491 463 3552 committunt
488 3490 537 3555 eis
568 3497 615 3551 tot
645 3489 771 3552 blism
801 3490 967 3552 eelebrare
990 3491 1026 3552 ta
1051 3493 1167 3550 mete

12 3595 187 3675 aeprdnbro,
208 3603 241 3656 at
258 3593 444 3675 juramenta
461 3593 504 3656 alr
524 3593 575 3654 eie
594 3592 741 3674 exigunt,
763 3602 796 3656 et
816 3592 897 3656 dant
916 3595 967 3657 eis
988 3609 1165 3676 expensas,

15 3709 47 3761 et
67 3697 141 3760 tatas
166 3699 278 3764 tinent
298 3696 493 3780 perjurium,
524 3715 565 3760 aa
583 3695 738 3762 inlinunt
763 3705 800 3760 et
820 3698 960 3781 litigant.
998 3697 1075 3760 Alia
1099 3702 1163 3776 est,

17 3811 50 3866 nt
77 3801 234 3868 redeuntes
266 3801 308 3866 ad
339 3801 477 3885 patriam
509 3801 619 3866 ornare
648 3817 720 3864 euru
756 3805 896 3866 veritate
927 3805 1066 3886 possint:
1100 3817 1165 3884 ega
1295 3801 1296 3822 ³

20 3907 165 3970 celebravi
185 3908 218 3970 in
238 3916 353 3970 sanato
375 3907 547 3990 sepnlalrro
565 3905 713 3989 llissatq
725 3917 763 3970 'at
782 3908 911 3974 videtur
931 3910 989 3990 eis,
1010 3908 1040 3970 si
1057 3907 1163 3970 loenar

20 4011 125 4076 babere
143 4030 203 4079 non
219 4022 375 4096 possent,
396 4011 482 4096 quod
505 4019 598 4076 eaoet
616 4012 667 4074 eis
687 4013 887 4080 vereoundia
907 4023 941 4078 et
963 4011 1164 4088 soandalnm,

25 4119 97 4198 qnod
122 4117 161 4181 ita
188 4120 408 4182 raoessissent
431 4135 453 4180 a
472 4116 668 4182 Jerusalem
711 4118 787 4182 Alia
822 4135 924 4183 eausa
950 4125 1018 4180 est:
1062 4113 1166 4195 aliqui

29 4221 125 4284 milites
149 4233 333 4308 praesentes
367 4221 445 4286 dant
472 4221 645 4307 aliqnando
679 4223 776 4287 aliout
813 4223 977 4288 sacerdoti
1011 4219 1165 4283 demtum

850 4517 880 4534 ,ι
1030 4510 1041 4528 a

824 4551 832 4566 ,
1038 4552 1043 4560 .

869 4602 902 4638 ,1-1
915 4593 930 4611 Ι·
981 4585 985 4590 Ι
1055 4646 1065 4654 Ἀ
1084 4575 1106 4628 ἢ
