2608 4842
179 304 239 380 lle
261 301 407 401 angulo,
430 300 479 378 od
501 321 608 402 quern
630 297 741 376 bento
765 297 887 400 Virgo
912 299 1026 376 stelit
1048 299 1277 403 respiciens

222 431 358 500 oontro
378 421 522 498 domum
548 418 740 524 cayphae,
765 419 909 520 quondo
935 421 1148 498 llomin-
1170 423 1229 504 iti

559 541 845 620 examinabatur.

203 728 255 791 Do
275 725 331 791 illo
351 733 427 810 post
444 725 526 790 hoen
547 722 644 790 domo
667 731 940 810 ogmsisnmns,
962 734 996 789 et
1018 724 1057 788 in
1080 743 1281 810 processui

121 833 274 918 ungulum
295 829 464 914 eujusdam
483 828 598 896 domus
619 834 780 917 venimus,
799 831 841 896 de
863 849 927 915 qno
948 831 1077 914 ungulo
1115 841 1178 894 est
1202 831 1281 895 diroo

121 945 275 1026 aspectus
298 945 411 1004 eontra
427 935 561 1019 jenuoru
592 934 708 1001 domus
742 936 918 1022 cayphae,
951 936 999 998 itu
1032 935 1136 1020 qued
1173 946 1281 1000 stanno

121 1039 533 1130 sapienpientiam
557 1041 629 1106 vult
659 1052 757 1127 eaput
781 1041 969 1126 extendere,
992 1041 1037 1104 od
1058 1041 1218 1123 januam
1231 1041 1281 1122 Cu·

120 1153 205 1235 phoe
225 1149 397 1234 respieere,
419 1145 474 1212 vel
498 1147 602 1210 solnm
623 1166 697 1212 oum
717 1167 783 1214 uno
805 1149 909 1232 oeulo,
931 1149 961 1209 si
973 1146 1103 1230 planet,
1136 1155 1179 1210 et
1200 1147 1281 1228 ipseo

120 1257 365 1339 neminepotest
375 1252 488 1334 vidoni,
510 1253 573 1314 nisi
590 1253 708 1337 aliquis
722 1255 832 1338 eoiret,
855 1273 929 1316 eum
951 1259 1042 1316 retro
1066 1271 1211 1319 murum
1227 1261 1281 1312 stro

121 1372 154 1426 ot
175 1361 303 1426 oeoulte
319 1360 360 1424 ob
381 1359 501 1442 engrdo
522 1357 643 1425 videte.
684 1361 723 1423 ln
743 1359 798 1423 illo
830 1360 902 1424 loeo
932 1359 1050 1424 dieunt
1084 1358 1279 1424 beatissimo

121 1469 291 1552 Virginem
312 1465 450 1530 Mariam
471 1471 538 1530 toto
563 1463 619 1528 illu
640 1471 783 1547 tempore
807 1466 934 1528 oeoulte
957 1464 1112 1542 stetisse,
1142 1472 1180 1526 et
1207 1473 1279 1525 mnu

122 1575 241 1640 estium
260 1570 459 1652 respexisse,
484 1587 548 1653 quo
571 1567 723 1634 Christus
745 1569 865 1654 ligatus
886 1567 1044 1632 induetus
1079 1568 1170 1653 fuit,
1202 1568 1277 1632 nolon·

122 1676 249 1760 vidore,
274 1693 337 1758 quo
371 1682 479 1738 tomen
505 1674 653 1738 ultimate
684 1674 854 1740 doeendus
881 1681 980 1741 osset
1015 1672 1158 1738 Oeum
1188 1673 1276 1757 quoni

123 1782 289 1849 doloribus
311 1788 345 1844 et
367 1778 544 1864 lsohrymie
565 1780 662 1843 stetit
683 1788 882 1863 exspectans
899 1780 944 1844 ibi
962 1779 1174 1844 beatissime
1200 1779 1275 1859 Virgo.

124 1887 211 1968 Quid
229 1896 325 1971 putus
347 1883 570 1968 respondisset
587 1884 705 1968 Virgo,
728 1887 835 1969 siquis
857 1903 928 1948 eom
949 1885 1219 1968 interrogasset,
1246 1901 1276 1944 oo

124 1996 310 2074 distaret,
339 1989 460 2074 quidve
486 1990 531 2055 ibi
556 1988 790 2073 exspectareti
809 2011 850 2053 on
880 1991 966 2054 forte
991 1988 1225 2055 liberationem
1246 1987 1277 2050 ili

125 2099 325 2164 demonibus
344 2093 550 2179 ludaeorum,
566 2095 621 2158 vel
641 2089 757 2159 oliudi
778 2095 833 2159 Ad
843 2113 938 2180 quem
948 2093 1064 2176 Virgo,
1088 2095 1177 2178 seio,
1199 2093 1279 2177 inquit

124 2203 211 2290 quod
233 2201 318 2266 lilius
340 2217 432 2262 mens
454 2200 500 2264 ita
513 2199 704 2283 ingeniosus
726 2210 759 2265 et
781 2199 939 2265 iooundus
959 2206 1021 2279 est,
1047 2200 1080 2262 si
1105 2199 1152 2262 ad
1180 2200 1279 2264 ordino

125 2312 206 2375 rium
223 2308 366 2390 jndioeru
389 2304 516 2370 ‚duetus
545 2305 658 2388 luerit,
693 2315 806 2388 posset
834 2323 873 2368 se
900 2320 1080 2376 excusare,
1105 2314 1144 2368 et
1182 2303 1280 2368 diuiti.

125 2415 185 2480 sed
212 2433 286 2478 eum
316 2413 379 2477 hoo
400 2411 481 2476 odeo
509 2420 700 2476 mansuetus
719 2419 753 2475 et
771 2413 928 2476 innocens
951 2408 1203 2492 ootaoiturnus,
1221 2410 1280 2472 sion

127 2539 232 2605 ugnus
253 2537 361 2583 eorum
382 2517 537 2580 tondente
554 2534 602 2598 se,
622 2535 687 2579 non
708 2519 856 2599 aperiens
878 2533 916 2578 os
936 2532 1030 2576 sunm
1044 2533 1106 2596 pro
1126 2516 1183 2578 sui
1201 2533 1280 2578 exou-

127 2627 265 2692 sutluno.
286 2623 348 2684 list
362 2622 496 2704 insuper
514 2619 676 2684 iiodulois
698 2631 732 2684 et
752 2621 908 2703 amabilis,
930 2618 1016 2702 quod
1034 2620 1170 2684 omnino
1195 2639 1279 2704 sporo

127 2727 215 2813 qnod
236 2727 298 2787 sibi
319 2729 563 2808 compatientur,
586 2725 680 2789 etad
701 2745 754 2788 me
780 2726 960 2791 reducetur.
1012 2723 1089 2786 Ideo
1121 2724 1179 2789 hio
1204 2727 1278 2808 pleni

127 2829 345 2894 anxietatibus
364 2835 427 2910 sto,
446 2837 482 2890 nt
508 2828 605 2892 finem
630 2832 770 2915 videam,
790 2850 853 2913 quo
881 2831 1031 2912 dueatur:
1055 2830 1084 2892 si
1112 2829 1154 2892 ud
1186 2833 1276 2898 vitun

128 2936 255 3000 victuro
277 2949 405 3014 seoum3
425 2933 455 2996 si
477 2933 518 2997 sd
536 2945 685 3021 mortem,
707 2938 863 3002 morituro
882 2953 994 3000 seeum
1011 2933 1116 2998 exibo.
1174 2936 1275 2999 Dinon

128 3041 226 3104 etim
247 3037 366 3118 dovoti,
388 3037 475 3120 quod
494 3037 612 3104 Petrus
632 3049 751 3123 negato
772 3041 920 3122 Domino,
936 3040 1012 3103 dnm
1032 3056 1102 3102 oum
1125 3038 1274 3122 ejulatus

128 3147 207 3216 fletu
225 3143 355 3208 domum
377 3143 489 3227 exiret,
511 3145 603 3208 venit
623 3145 665 3208 sd
684 3146 837 3230 ungulum
859 3145 961 3229 illum,
982 3160 1043 3208 neo
1061 3153 1182 3227 poterat
1209 3147 1273 3209 Vir·

126 3254 196 3339 gini
216 3252 304 3337 loqui
325 3267 404 3333 pree
422 3249 619 3314 uereoundie
640 3256 674 3312 et
686 3249 805 3335 dolore,
816 3269 877 3315 neo
892 3250 997 3334 Virgo
1019 3249 1090 3330 sibi,
1103 3257 1134 3312 et
1149 3251 1271 3314 ouonrrit

128 3359 171 3424 nd
196 3377 339 3444 speoum,
362 3353 481 3441 dequo
502 3373 603 3440 supro
620 3354 764 3418 habitum
795 3366 855 3420 est.
907 3357 1005 3418 Hune
1037 3371 1112 3438 ergo
1134 3357 1269 3440 ungulum

127 3459 307 3527 deoseulati
328 3479 440 3526 sumus
461 3470 494 3526 et
514 3459 735 3544 indulgentias
760 3460 1017 3548 reoopimus(†).

151 3705 210 3782 lle
233 3703 317 3783 loon
346 3704 602 3784 decollationis
627 3705 669 3786 S.
694 3707 868 3810 Apostoli
889 3705 1025 3786 Jooobi
1047 3703 1183 3808 majoris
1205 3703 1243 3781 ol

534 3827 687 3906 Herode
712 3828 888 3933 Agrippa„

206 4005 303 4070 Circo
323 4004 519 4088 praediolum
540 4009 692 4090 angurium
702 4012 858 4076 vertimus
877 4009 1006 4075 dorsum
1019 4007 1161 4070 eoolosioo
1172 4004 1256 4090 Syon,

127 4123 159 4174 ot
179 4132 236 4196 per
256 4112 363 4174 viuum
385 4110 516 4189 longum
540 4115 758 4190 processimus
781 4113 1107 4193 oontrooooidentem,
1125 4129 1172 4193 per
1186 4111 1254 4174 mul·

128 4221 179 4273 tos
201 4215 313 4276 ruinas
334 4228 497 4273 murorum
520 4228 724 4294 magnorum:
757 4226 790 4279 et
811 4217 926 4280 iterum
958 4215 1000 4279 od
1031 4233 1118 4278 unum
1141 4213 1252 4298 domun,
