2780 4776
684 123 753 207 ult

185 277 199 315 s.
246 251 344 324 ’Ἲς
930 302 934 311 .
1168 297 1172 303 -

137 319 322 406 peregrinus
347 313 527 385 intromissi
558 315 703 400 luerunt,
742 326 776 380 et
810 316 965 382 oustollcs
1003 309 1158 404 domun
1187 325 1311 387 :aucti

136 425 320 508 sepulchri,
351 431 482 486 monent
502 439 631 506 semper
651 437 757 506 usque
778 419 820 483 ad
841 420 1015 486 adventum
1049 426 1309 508 peregrinorum

135 531 211 596 Nee
239 530 356 594 fratros
385 527 486 611 positi
517 525 671 592 custodes
702 527 792 591 exire
821 533 977 610 possunt,
1011 533 1074 590 neo
1101 529 1157 592 alil
1188 529 1315 596 frames

137 638 275 716 intrare,
307 632 372 698 nisi
396 631 500 697 velint
527 633 660 698 solvere
694 632 856 706 tributum.
911 631 953 696 Et
981 633 1012 696 si
1038 631 1155 698 volunt
1183 643 1316 703 mutare

138 737 308 821 custodes,
330 745 455 820 oportet
475 735 607 800 solvere
629 736 794 802 tributum.

222 843 347 906 Verum
368 841 420 904 bis
441 843 477 903 in
497 860 582 905 anno
603 840 807 924 patefaciunt
836 837 953 902 valvas
982 838 1113 922 templi,
1142 849 1176 902 et
1207 841 1315 924 gratis

139 965 251 1012 omnes
276 945 481 1011 Christianos
511 946 737 1011 intromittunt.
772 943 916 1010 Scilicet
936 943 971 1006 in
989 943 1176 1008 Parasocve
1206 963 1316 1030 usqne

140 1051 181 1116 ad
203 1050 381 1118 secundam
401 1048 513 1114 feriam
535 1050 695 1133 paschae3
722 1056 754 1111 et
776 1049 811 1112 in
831 1047 946 1131 vigilio
961 1049 1317 1117 inventionissanctae

139 1159 246 1223 crucis
276 1154 444 1242 usquead
475 1173 635 1238 vesperas
667 1155 836 1239 sequentis
868 1152 940 1218 diei.
984 1153 1027 1216 llo
1047 1155 1081 1218 in
1103 1154 1167 1217 illis
1192 1154 1315 1218 diebus

141 1271 192 1328 cst
224 1259 380 1345 templum
409 1259 569 1344 repletum
596 1261 677 1326 viris
700 1267 732 1323 et
754 1258 924 1340 foeminis,
956 1257 998 1321 de
1024 1261 1173 1322 omnibus
1201 1259 1317 1322 mnndi

140 1367 337 1450 regionibus,
360 1372 468 1429 etant
490 1365 644 1430 tumultus
665 1383 803 1448 mugnus
825 1371 859 1426 et
878 1365 1078 1446 compressio
1097 1383 1176 1446 prae
1198 1363 1317 1427 multi-

141 1470 259 1538 tudine.
282 1472 325 1533 Et
344 1471 389 1536 ibi
410 1479 488 1536 tunc
510 1472 682 1536 audiuntur
704 1470 811 1533 omnia
834 1467 988 1531 idiomata
1008 1468 1132 1552 mundi,
1150 1477 1181 1534 et
1204 1469 1318 1532 lorum

140 1576 446 1661 pretiosissimarum
487 1593 594 1641 rerum
631 1583 664 1638 et
698 1592 846 1638 cararum
884 1571 920 1639 fit
960 1581 1038 1640 tuuc
1074 1575 1109 1636 in
1156 1573 1314 1638 ecelesia

141 1680 269 1750 Demtis
292 1697 369 1762 ergo
391 1680 545 1761 praefatis
566 1679 692 1745 duobus
711 1678 911 1763 temporibus
933 1696 1106 1760 numquam
1135 1679 1199 1742 nisi
1232 1698 1317 1742 auro

142 1787 217 1853 dato
240 1786 382 1868 aperitur
410 1783 467 1847 illa
499 1783 647 1849 ecclesia.
690 1784 767 1850 Nou
796 1785 882 1850 nont
911 1789 980 1844 erat
1012 1782 1106 1866 olim,
1143 1783 1220 1848 (lum
1247 1783 1315 1846 alia

143 1900 234 1956 erant
256 1899 409 1973 tempora.
452 1889 521 1954 Sed
542 1889 692 1955 catholici
714 1887 892 1956 Christiani
919 1905 1049 1970 semper
1070 1897 1104 1950 et
1124 1889 1210 1954 omui
1231 1889 1317 1952 hora

140 1999 265 2061 intrare
285 1995 387 2078 gratis
406 2003 572 2080 poterent,
602 2010 664 2056 nec
688 1990 916 2058 admittebatua
933 1994 1055 2076 quovis
1078 1993 1171 2066 modo
1192 1994 1317 2058 haere-

144 2102 230 2164 ticus
256 2105 314 2164 aut
331 2099 558 2164 schismaticus
580 2101 615 2162 in
638 2098 725 2162 illam
747 2099 932 2180 ecelesiam,
954 2117 1016 2162 uec
1035 2117 1094 2182 pro
1114 2099 1227 2184 pretio,
1251 2117 1317 2164 nec

67 2290 73 2298 Ι
144 2207 259 2292 gratis.
301 2203 370 2269 Sed
392 2212 487 2288 capto
521 2204 693 2288 sepulchro
715 2202 844 2268 Domini
882 2205 1003 2288 captiui
1029 2213 1107 2268 sunt
1139 2205 1316 2288 peregrini,

72 2298 78 2310 ’
146 2314 193 2376 ita
213 2310 299 2396 qnod
319 2331 385 2376 non
406 2317 545 2394 possunt
564 2310 600 2374 in
614 2309 799 2376 Jurusnlem
815 2309 990 2394 quidquam
1014 2327 1123 2396 egere,
1144 2311 1208 2374 nisi
1226 2307 1318 2394 quod

149 2417 259 2502 placet
280 2416 478 2480 sarracenis.
1211 2469 1215 2476 .

230 2523 341 2605 Porro,
363 2529 439 2585 ante
457 2537 580 2604 paucos
600 2536 705 2604 annos
726 2525 797 2582 erat
818 2521 869 2584 sie
891 2520 1102 2606 consuetudo,
1124 2518 1212 2607 qnod
1230 2518 1319 2584 Sar-

149 2627 259 2692 raceni
280 2645 374 2690 mane
394 2628 428 2690 in
451 2635 521 2694 ortu
542 2625 624 2710 solis
646 2624 820 2688 ecelesiam
840 2625 1045 2710 aperiebant,
1066 2644 1187 2710 eosque
1207 2643 1317 2708 usquo

147 2733 191 2798 od
212 2749 370 2814 vesperas
392 2729 537 2794 inclusos
556 2731 754 2814 retinebant,
777 2737 808 2792 et
830 2731 864 2794 in
886 2749 1006 2794 occasu
1025 2731 1106 2794 solis
1131 2729 1319 2813 ejiciebant.

150 2839 195 2905 Et
221 2838 284 2900 hoc
313 2835 375 2898 fuit
402 2835 577 2900 tolerabile.
621 2833 688 2898 Sed
719 2834 815 2899 hodie
846 2839 1006 2900 contrario
1037 2836 1132 2900 modo
1159 2836 1212 2919 fit,
1240 2853 1318 2897 sero

148 2943 237 3004 eninr
260 2943 355 3004 nobis
380 2942 545 3024 aperiunt,
568 2950 601 3003 et
621 2959 717 3004 mane
735 2959 795 3004 nos
822 2940 966 3023 ejiciunt.
1008 2941 1051 3005 Et
1071 2942 1135 3006 hoc
1157 2950 1209 3005 est
1229 2940 1318 3004 mul-

149 3053 219 3108 tum
241 3043 355 3108 durum
377 3053 411 3108 et
430 3045 614 3122 molestum,
636 3046 713 3129 quio
734 3047 884 3110 noctibus
903 3047 980 3132 illis,
1002 3048 1118 3132 quibus
1139 3047 1173 3108 in
1194 3047 1318 3129 templo

149 3168 274 3232 sumus,
288 3169 401 3232 parum
416 3158 471 3212 aut
488 3158 578 3212 certe
597 3151 643 3214 nil
662 3152 870 3235 quiescimus,
889 3160 922 3216 et
938 3153 1001 3216 hoc
1024 3161 1154 3236 propter
1170 3152 1319 3216 crebram

149 3254 293 3320 locorum
321 3265 505 3319 sanctorum
538 3255 756 3319 visitationem
786 3264 820 3319 ot
848 3259 1087 3342 circuitionem,
1120 3265 1152 3322 et
1185 3265 1319 3342 propter

151 3361 336 3426 divinorum
368 3360 557 3426 Officiorum
582 3362 869 3446 continuationem,
891 3371 925 3426 et
944 3373 1074 3448 propter
1098 3363 1256 3430 ululatum
1286 3371 1320 3424 et

148 3465 308 3529 clamores
330 3466 494 3530 mirabiles
512 3468 724 3532 -orientalium
746 3466 1020 3554 christianorum,
1042 3470 1097 3555 qni
1126 3475 1195 3532 tota
1221 3477 1319 3532 nocte

150 3571 325 3635 ecclesiam
357 3570 550 3637 elamoribus
581 3573 665 3636 male
701 3574 892 3637 sonantibus
931 3573 1081 3658 implent,
1117 3583 1150 3637 et
1186 3581 1318 3658 propter

152 3682 367 3738 mercatorum
387 3677 641 3760 negotiationes,
663 3686 695 3739 et
715 3677 827 3741 ultimo
847 3685 979 3762 propter
1001 3679 1210 3748 excessivanr
1231 3677 1318 3740 mul-

127 3778 321 3843 ‚titudinem
343 3780 484 3863 pulicum
507 3781 589 3864 (B),
615 3782 732 3865 quiin
752 3785 937 3866 pavimento
965 3782 1109 3866 undique
1129 3781 1263 3864 saltant,
1287 3789 1320 3844 et

152 3885 346 3969 ubicumque
373 3887 469 3950 horno
495 3887 585 3969 ponit
616 3905 656 3950 se
682 3887 724 3952 ad
747 3887 969 3954 dormiendum
1008 3888 1063 3954 uel
1084 3887 1127 3952 ad
1148 3885 1317 3970 orandum,

149 3991 261 4054 statim
282 3988 399 4072 plenus
421 3999 471 4054 est
491 3991 662 4076 pulicibus,
680 4009 742 4054 uec
764 3993 935 4078 quiescere
953 4001 1073 4078 potest.
1096 3990 1190 4058 Unde
1211 3999 1319 4054 antem

150 4093 283 4159 veniant
302 4093 427 4176 urascio,
448 4095 511 4158 nisi
533 4096 616 4158 forte
637 4115 678 4160 ex
701 4104 820 4162 natura
838 4098 1007 4162 marmoris
1028 4105 1249 4180 procreantur,
1265 4096 1319 4159 vel

151 4196 305 4268 custodes
341 4197 452 4278 templi
483 4215 541 4260 cos
572 4201 716 4264 nutriunt
759 4210 792 4265 et
824 4222 888 4267 nou
904 4202 1080 4274 occidunt
1130 4203 1213 4266 Post
1246 4201 1320 4266 illos
