2780 4776
710 199 775 265 338

165 385 276 450 divitis
299 383 458 468 epulonis,
479 385 551 448 sive
573 401 593 446 a
613 381 702 446 bivio
722 377 869 464 praefato
912 401 1062 466 sursum3
1094 401 1157 446 nee
1178 391 1231 446 est
1252 385 1333 445 ima-

164 489 350 574 ginandum,
372 486 458 570 quod
476 506 569 549 mous
588 485 761 550 Calcariae
782 487 825 550 sit
850 486 936 550 altus
957 486 1065 572 locus,
1088 487 1332 571 supereminens

166 595 248 660 alios
268 595 301 658 iu
325 593 472 678 circuitu,
494 593 569 676 quia
589 599 655 656 tem
677 591 718 655 ad
747 592 945 656 occidentem
973 610 1068 674 quam
1101 591 1143 656 ad
1171 591 1333 655 meridiem

164 707 240 762 suut
262 699 375 762 altiora
395 697 476 780 loca,
498 715 593 780 quam
615 699 686 781 ipse
708 697 761 760 sit.
816 695 883 760 Sed
914 696 1030 760 dicitur
1059 716 1152 762 mous
1184 706 1333 780 respectu

163 805 308 868 locorum
328 802 464 885 illumm‚
487 802 646 886 aquibus
668 810 719 864 est
741 801 948 865 ascensusad
971 821 1054 886 eum,
1071 807 1108 865 ut
1129 801 1251 865 dictum
1275 809 1333 864 est.

165 912 209 973 Et
230 915 352 970 tautum
375 906 416 969 de
436 907 500 970 illu.
544 905 641 969 Plura
662 904 737 969 vide
760 904 801 968 de
823 907 886 970 hoe
907 915 1019 971 morito
1045 907 1099 971 iol.
1135 906 1197 972 ltu
1225 913 1260 970 et
1280 923 1336 969 se-

164 1015 288 1099 quenti,
310 1020 342 1075 et
365 1011 419 1074 iol.
442 1009 514 1075 255.

162 1259 373 1362 Descriptio
400 1257 583 1334 ecclesiae
605 1255 724 1334 sancti
748 1258 931 1360 sepulchri
970 1271 1008 1337 et
1028 1262 1111 1361 ejus
1129 1255 1335 1362 dispositio.

245 1439 427 1504 Ecclesiam
449 1439 521 1502 sive
543 1437 697 1522 templum
719 1441 824 1502 saucti
843 1441 1006 1524 sepulchri
1024 1439 1219 1525 descripturi
1238 1442 1338 1505 vide-

162 1549 270 1610 bimus
291 1552 437 1628 quatuor.
480 1545 505 1606 Ι.
529 1542 611 1621 Quis
633 1561 704 1606 eem
727 1539 938 1608 luudwerit‘l
971 1545 1013 1606 ll.
1037 1542 1186 1622 Quantae
1210 1543 1338 1627 gloriae

164 1659 196 1714 et
215 1649 348 1712 houoris
369 1647 444 1710 olim
467 1648 588 1716 luerit?
610 1649 668 1718 ΙΙΙ.
687 1645 801 1726 Qualis
813 1668 900 1712 uurrc
920 1646 987 1711 sit‘l
1009 1649 1069 1712 lV.
1090 1647 1154 1726 Qui
1173 1651 1240 1711 siut
1263 1669 1339 1716 eam

162 1753 380 1818 irroflieiantes
398 1758 431 1814 et
453 1747 654 1815 differentiae
680 1771 799 1838 eorum,
823 1754 934 1838 quiin
957 1773 996 1816 ea
1019 1753 1184 1816 Christum
1213 1753 1337 1818 colunt.

163 1863 207 1923 Et
229 1880 270 1923 ex
291 1859 343 1923 his
365 1864 505 1942 quatuor
534 1857 704 1922 resultabit
724 1856 796 1940 eju·
816 1858 964 1941 plenaria
991 1858 1187 1941 descriptio,
1215 1865 1250 1920 et
1278 1877 1339 1942 per

162 1981 368 2049 consequeus
389 1962 461 2045 ejus
482 1960 634 2047 cognitio.

165 2209 254 2310 (B)
268 2209 359 2302 Quis
391 2203 561 2284 fundator
589 2206 700 2284 fuerit
720 2207 903 2284 ecclesiae
929 2207 1046 2284 sancti
1067 2208 1269 2319 sepulchrI,
1297 2221 1340 2288 et

363 2308 506 2408 quoties
532 2305 720 2383 destructa
745 2317 784 2384 ct
807 2316 977 2409 reparata
1000 2305 1120 2383 suerit.

244 2490 413 2575 'l'emplum
436 2489 588 2554 dominici
609 2489 773 2572 sepulchri
804 2493 879 2574 quis
907 2489 1128 2554 aedificaverit
1148 2491 1340 2574 amhigtmm

161 2604 211 2659 est
244 2603 376 2679 propter
396 2597 575 2658 varietates
597 2593 639 2657 de
659 2597 723 2659 hoc
743 2595 952 2678 loquentium.
1004 2596 1116 2680 Aliqui
1148 2595 1338 2680 opinantur,

160 2699 247 2784 quod
268 2700 326 2762 illa
345 2699 488 2764 ecclesia
506 2699 604 2761 feerit
625 2701 781 2786 templum
803 2699 955 2784 Veneris,
977 2699 1063 2784 quod
1085 2701 1201 2764 Helius
1212 2701 1342 2766 Adria-

160 2823 223 2868 nus
244 2807 417 2887 impcrator
438 2821 537 2887 super
557 2803 664 2867 locum
686 2804 907 2868 crucifixionis
940 2814 972 2867 et
1005 2806 1252 2869 resurrectionis
1277 2827 1343 2870 ex-

160 2916 332 2993 struxerat,
347 2917 380 2972 et
401 2907 523 2973 Sancta
533 2909 662 2972 Helena
674 2911 911 2994 superveniens
920 2909 1008 2974 idola
1028 2909 1135 2995 ejecit,
1158 2910 1341 2975 etdomum

164 3009 296 3078 Christo
319 3014 490 3077 dedicavit.

242 3118 355 3202 Aliqui
376 3117 497 3204 dicunt,
518 3119 605 3203 quod
626 3120 782 3204 templum
792 3121 973 3204 praelatum
986 3121 1133 3185 funditus
1158 3119 1291 3204 evertit,
1307 3129 1342 3184 et

162 3221 335 3285 ecclesiam
362 3221 450 3286 illam
484 3225 597 3288 erexit.
659 3225 817 3310 Legimus
850 3227 948 3289 etiam
981 3227 1015 3288 iu
1047 3225 1137 3289 libris
1174 3223 1342 3292 bellunum

164 3325 420 3392 Christianorum
432 3338 465 3394 et
477 3328 740 3415 Sarraceuorum,
756 3329 843 3416 quod
864 3330 1018 3415 templum
1040 3330 1146 3393 seueri
1167 3329 1342 3412 sepulchri

157 3449 258 3516 saepe
286 3453 345 3516 per
375 3433 525 3500 infideles
554 3436 614 3500 loir
642 3450 813 3518 eversum,
845 3443 877 3499 et
905 3455 966 3518 per
995 3435 1111 3498 fideles
1139 3443 1338 3500 recreatum.

160 3533 306 3600 Cosdroe
327 3538 389 3602 hoc
411 3540 565 3624 templum
587 3541 767 3604 conabatur
797 3547 956 3623 evertere,
979 3539 1039 3603 sed
1064 3540 1194 3603 territus
1221 3538 1342 3604 diviua

135 3641 279 3704 'virtute
301 3641 383 3728 fugit
404 3648 444 3709 ab
466 3664 515 3708 eo.
566 3646 651 3707 Dum
683 3653 789 3707 autem
810 3645 936 3706 'restari
965 3651 1111 3707 sauciam
1146 3651 1269 3706 terram
1306 3653 1343 3706 et

157 3745 340 3809 Jerusalem
362 3759 567 3832 occuparent,
589 3758 685 3832 capta
705 3749 840 3812 eivitete
863 3749 1017 3832 templum
1040 3753 1154 3812 sancti
1168 3746 1342 3832 sepulchri

158 3849 310 3915 dicuutur
329 3854 502 3924 evertisse.
546 3851 613 3916 Sed
634 3873 698 3916 uou
716 3853 814 3919 multo
835 3861 911 3938 post
947 3855 1122 3936 imperator
1147 3856 1342 3916 coustanti-

157 3957 361 4040 uopolitsuus
396 3959 488 4021 veuit
514 3958 548 4020 iu
570 3957 770 4042 Jerusalem,
798 3968 830 4021 et
857 3960 1015 4042 templum
1044 3957 1267 4022 reaedificavit
1299 3975 1341 4020 eo

160 4062 265 4147 modo,
287 4083 351 4148 quo
367 4065 458 4145 prius
477 4062 590 4125 fuerat.
615 4063 694 4127 Post
714 4066 777 4128 hoc
799 4063 974 4129 saraceni
997 4065 1143 4129 lureutes
1173 4063 1209 4125 iu
1230 4059 1342 4126 curr-

156 4169 281 4231 stiauos
304 4167 460 4232 ultionem
481 4169 517 4230 iu
541 4168 661 4252 templo
681 4177 888 4254 sumserunt,
911 4178 945 4233 et
966 4171 1122 4254 templum
1145 4171 1343 4232 evertemus

157 4269 314 4334 funditus.
344 4269 412 4372 Sed
437 4269 570 4356 quidam
585 4273 763 4358 imperator
774 4273 1149 4359 constantinopolitanus
1180 4273 1338 4346 reerexit
