2608 4842
728 167 793 232 us

180 352 274 414 aliam
310 347 466 432 cupellam
493 351 633 434 ingressi
661 369 775 414 sumus
806 351 957 415 devotam
978 358 1016 413 ct
1046 351 1251 415 oecultum
1288 358 1294 415 l

180 453 305 538 capelle
326 453 467 518 creditur
499 474 576 518 esse
607 455 698 520 locus
727 455 783 518 ille
804 466 968 539 secretus,
997 455 1043 519 ad
1077 476 1197 541 quem
1223 459 1294 521 Dan

179 562 281 624 Jesus
302 559 395 624 duxit
414 558 609 643 discipulos,
625 561 755 644 quando
778 563 877 625 dixit:
904 562 1042 645 surgite,
1069 580 1210 626 umus
1232 564 1294 626 bin«

180 667 316 731 hebetur
333 665 477 730 Jobanu.
501 667 552 730 14.
579 665 613 728 in
640 665 707 728 line
738 667 880 751 capituli.
922 667 1046 730 Dicunt
1077 670 1179 729 enim
1213 668 1294 731 docti

180 769 322 836 Sancun
343 771 500 854 ibomts,
520 770 676 834 Albertus
695 771 849 856 lingens,
870 775 967 854 Ilugo
988 781 1022 834 ct
1043 771 1155 856 hyre,
1183 773 1294 857 quodi

179 895 315 942 menum
341 875 418 940 lotis
438 884 470 937 et
492 877 739 938 communicatis
756 875 935 960 (decipulis,
957 893 1030 938 cnm
1041 876 1222 941 Dominus
1246 897 1293 940 sen

179 1001 255 1048 nem
277 981 413 1063 laceret,
435 977 555 1045 sedens
578 981 612 1044 in
632 981 716 1062 loco,
736 983 791 1047 ubl
813 985 940 1044 coenati
962 981 1109 1064 tunam,
1135 993 1173 1045 et
1198 983 1293 1044 munii

181 1087 302 1152 diceret
324 1104 363 1150 se
380 1085 588 1169 tradendum,
610 1100 644 1148 et
664 1085 751 1170 quod
771 1096 846 1169 post
866 1087 1025 1150 modicum
1048 1107 1131 1150 curn
1157 1107 1231 1150 nen
1251 1105 1293 1148 eu

180 1193 301 1275 visuri,
321 1201 356 1254 et
377 1193 440 1257 hoo
461 1190 611 1273 discipuli
633 1193 750 1255 turbati
771 1200 805 1253 et
825 1193 945 1274 territi,
974 1194 1192 1276 aspiciebant
1214 1197 1293 1254 conti

180 1309 293 1364 contra
312 1301 430 1362 ostium
451 1297 628 1379 coenaculi,
645 1298 795 1359 timentes
816 1298 996 1380 captionem
1013 1299 1184 1381 magistri,
1205 1307 1237 1360 et
1253 1299 1294 1358 nir

181 1406 296 1467 attenti
324 1411 415 1466 erant
437 1399 478 1464 ad
506 1419 585 1464 suca
614 1419 781 1464 sermones
787 1447 798 1486 ,
831 1410 866 1464 et
895 1404 973 1484 quia
998 1403 1139 1466 volebat
1169 1405 1220 1466 eis
1251 1401 1293 1464 adl

182 1509 291 1593 alique
311 1509 411 1571 ardua
431 1505 558 1591 dicere,
579 1515 615 1570 nt
635 1507 691 1570 ills
709 1510 863 1570 attentius
884 1507 1051 1589 audirent,
1071 1517 1110 1571 et
1129 1509 1236 1572 minus
1256 1510 1294 1568 tin

183 1620 271 1697 rent,
287 1612 381 1676 dixit:
404 1613 539 1696 surgite,
565 1616 677 1675 eamus
693 1611 780 1682 hinc.
799 1611 842 1674 Et
863 1611 1107 1676 descenderunt
1129 1613 1173 1676 de
1194 1613 1293 1696 superio

183 1715 360 1782 coenaculo
382 1715 424 1780 ed
443 1718 660 1781 habitandum
681 1717 833 1800 iuferius,
865 1726 898 1780 et
927 1719 972 1780 ibi
1001 1717 1144 1800 perfecit
1176 1735 1294 1782 sermon

182 1832 215 1886 el
236 1807 415 1886 ultimatam
438 1821 680 1887 devotissimam
713 1817 907 1905 orationem,
934 1841 1019 1906 quae
1046 1824 1192 1887 babetur
1215 1823 1294 1886 Jobt

181 1927 231 1993 15.
247 1936 279 1990 et
291 1927 415 1992 duobus
433 1946 528 2011 capp.
550 1927 770 2013 sequentibus.
791 1928 829 1989 ln
850 1935 917 1990 tota
936 1929 1022 1990 serie
1037 1945 1157 1992 sacrae
1179 1929 1294 2010 scriptun

180 2051 246 2096 non
268 2033 403 2095 babetur
423 2036 470 2097 ita
491 2033 625 2116 devota,
648 2031 752 2098 dulcis
772 2041 806 2095 et
833 2033 1050 2096 consolatorie
1069 2042 1105 2095 et
1135 2033 1232 2116 plana
1248 2046 1294 2094 orn

181 2139 268 2200 sicut
294 2137 435 2200 Johann.
473 2135 541 2220 ta,
573 2155 658 2222 quac
685 2139 718 2200 in
739 2138 803 2203 boc
830 2137 903 2201 loco
938 2137 1024 2201 lecta
1051 2155 1131 2200 esse
1161 2138 1284 2201 creditor

183 2239 326 2306 Christe.
369 2242 571 2310 Procidimus
593 2261 671 2326 ergo
691 2242 736 2306 ibi
770 2250 846 2305 ente
867 2242 969 2306 altere
998 2250 1152 2326 petentes
1174 2262 1197 2305 a
1216 2239 1294 2305 Doni

179 2347 263 2412 Jesu
285 2365 346 2413 nos
367 2350 544 2433 participes
561 2349 632 2412 lieri
652 2364 734 2411 suae
755 2347 984 2413 devotissimae
994 2351 1150 2412 orationis
1170 2348 1216 2411 ibi
1232 2347 1294 2409 tau

180 2459 214 2514 et
234 2453 452 2538 indulgentias
464 2453 726 2537 accepimus(†).
748 2455 786 2516 ln
799 2454 862 2518 hoc
886 2472 978 2517 sacre
993 2453 1178 2517 habitaculo
1200 2462 1293 2532 estptt

182 2557 367 2641 columnae,
398 2559 432 2621 in
453 2577 519 2642 qua
539 2559 724 2642 flagellatus
748 2559 807 2626 luit
829 2557 996 2641 christus,
1025 2559 1058 2620 in
1078 2577 1170 2620 muro
1191 2555 1292 2621 cuculi

180 2664 295 2728 ferreis
318 2663 504 2744 obfirmata,
525 2664 574 2726 ita
594 2673 712 2746 tamen,
735 2663 821 2746 quod
843 2663 953 2747 digitis
974 2670 1083 2747 potest
1106 2664 1228 2745 attingi.
1254 2660 1291 2721 So

181 2767 278 2829 etiam
301 2767 334 2828 in
356 2766 457 2830 latere
481 2763 553 2846 ejus
577 2765 654 2831 lecti
675 2788 734 2852 pro
760 2768 961 2852 hospitibus,
992 2769 1025 2829 ln
1047 2768 1159 2852 quibus
1180 2769 1213 2830 ln
1238 2767 1289 2849 prii

181 2889 254 2934 moe
274 2871 534 2955 peregrinatione
555 2871 700 2944 dormiri.
743 2873 805 2936 list
826 2875 921 2938 ctiam
941 2874 988 2934 ibi
1011 2872 1093 2938 cella
1113 2873 1217 2935 fratris
1234 2867 1289 2932 stoi

181 2986 263 3060 atae,
281 2984 314 3038 et
333 2976 443 3038 fratris
463 2974 634 3059 dohannis,
651 2976 706 3060 qui
728 2977 847 3040 milites
867 2986 957 3042 creat
978 2978 1011 3040 in
1033 2987 1142 3041 sancto
1161 2975 1287 3060 sepulclt

180 3091 214 3146 et
237 3089 288 3144 est
309 3080 406 3142 etiem
427 3079 558 3144 fratrum
580 3089 769 3164 procurator
791 3090 854 3152 etc.
874 3082 927 3144 Ab
949 3081 1006 3146 illo
1027 3098 1103 3162 erge
1123 3080 1191 3145 loca
1210 3095 1286 3144 suis·

179 3209 238 3275 per
258 3186 403 3271 lapideos
425 3185 546 3269 gradus
577 3187 783 3252 ascendimus
811 3189 845 3251 in
874 3187 1061 3264 ecclesiam,
1094 3193 1127 3248 et
1145 3184 1233 3248 linem
1251 3199 1285 3266 pn

177 3295 319 3364 cessioni
341 3291 485 3357 lecimus.
507 3291 601 3355 llaec
619 3294 704 3355 enim
726 3302 802 3356 aunt
823 3293 895 3356 loca
914 3293 1000 3357 intra
1017 3299 1199 3357 conventum
1219 3291 1284 3352 sot

178 3405 309 3474 situata,
352 3399 455 3471 Extra
475 3415 554 3467 uero
575 3406 652 3468 saut
673 3397 775 3467 multe
795 3399 888 3493 plura
909 3398 982 3467 leco
1002 3405 1133 3481 stricta,
1151 3405 1185 3460 ut
1203 3391 1283 3480 puel

203 3645 262 3724 lle
287 3644 438 3749 prandio
463 3646 668 3748 peregrinis
693 3647 781 3723 doto
806 3669 874 3749 per
897 3649 1034 3726 fratres
1057 3645 1174 3723 montis
1191 3643 1279 3748 Syn

261 3823 476 3889 Processione
496 3827 602 3912 finite,
632 3845 717 3914 quac
744 3829 839 3912 qussi
867 3829 1036 3915 usquead
1058 3829 1200 3894 meridiem
1226 3830 1277 3917 dra

178 3936 290 4012 verat,
312 3946 385 3991 cunr
404 3934 566 4015 peregrini
587 3934 620 3996 in
642 3934 801 4018 hospitale
823 3933 1024 4005 descendere
1046 3935 1167 4018 vellent,
1186 3932 1276 4005 accnl

177 4033 274 4098 Pater
292 4033 487 4098 vulnerabilis
508 4031 710 4120 Gordianus,
731 4047 764 4101 et
786 4038 885 4102 irater
904 4041 1070 4104 ,lohannes
1089 4043 1275 4122 procurator,l

179 4156 292 4201 omnes
312 4137 503 4218 peregrinos
524 4139 566 4199 ad
585 4138 753 4218 prandium
772 4141 1004 4206 invitaverunt.
1026 4145 1199 4207 Paraverant
1211 4153 1274 4216 autel

178 4255 238 4318 pro
259 4238 353 4302 nobis
374 4253 505 4296 mensas
533 4245 567 4297 ot
588 4239 715 4302 tabulas
736 4240 852 4322 longas
873 4245 906 4310 in
926 4248 1018 4311 horto
1040 4245 1216 4332 Conventus,
1235 4227 1273 4333 qd
