2792 4778
666 115 729 185 m

112 295 350 382 qnhqmm'nta
370 295 513 378 quinque
532 295 628 361 anab
648 302 684 358 ot
714 312 776 360 sex
808 293 974 366 mensibus
1003 293 1186 360 desudavit.
1245 297 1283 360 In
1320 265 1323 274 ι

112 402 180 464 hoo
209 401 281 464 loeo
313 397 540 482 amavimus,
575 408 610 462 et
638 399 860 484 indulgentias
888 398 1053 482 plenarias
1081 401 1283 467 remissionis

112 504 300 588 accepimns
320 522 393 568 oum
411 504 587 586 gratiarum
610 505 740 570 aetiana
760 503 854 586 (isis).

292 747 534 852 Sepulchrum
559 747 601 825 S.
624 747 813 848 ieronymi
842 751 920 848 jam
945 768 1110 823 vacuum.

196 931 285 994 Huic
304 929 450 1014 capellae
472 927 626 993 adhaeret
648 929 712 992 alia
731 929 860 1013 capella
879 927 965 993 haud
987 927 1084 1010 longe
1114 945 1281 1010 apraese-

2 1059 3 1066 ¹
108 1037 167 1118 pio
178 1035 329 1116 Domini,
356 1034 412 1096 ubi
432 1033 494 1096 sibi
516 1033 660 1117 elegerat
671 1035 882 1119 sepulturam,
904 1040 939 1096 ut
964 1031 1125 1096 diciturin
1143 1033 1281 1114 epistola

108 1140 257 1224 Eusebii,
278 1139 314 1202 in
334 1155 399 1222 qua
414 1137 449 1200 S.
471 1137 669 1221 Jcrenymus
686 1138 786 1222 jussit
801 1139 867 1204 sihi
886 1138 958 1204 aori
986 1133 1210 1218 sepulchrum,
1237 1134 1280 1198 ad

108 1247 177 1309 lruc
193 1246 336 1328 vivens,
368 1244 402 1306 in
432 1260 497 1327 quo
524 1251 599 1326 post
617 1244 737 1308 obitum
758 1243 891 1328 gloriosi
914 1241 1015 1325 patris
1047 1239 1109 1302 luit
1126 1238 1279 1304 'locatum

109 1347 339 1432 corpusculum
371 1347 520 1414 maximio
547 1348 712 1412 miraculis
742 1365 924 1430 coruscum,
953 1354 989 1410 ut
1009 1345 1087 1410 dicit
1106 1343 1277 1408 Eusebius.

110 1453 187 1518 lico
227 1452 439 1536 sepulchrum
469 1460 522 1516 est
560 1451 667 1516 adhuc
706 1451 802 1516 hodie
830 1451 1005 1535 integrum,
1037 1447 1098 1511 sed
1128 1465 1279 1530 vacnum,

110 1557 324 1620 marmereeis
363 1555 481 1618 tebulis
516 1566 675 1620 ornatum.
743 1554 871 1639 Corpus
903 1555 987 1618 enim
1030 1553 1101 1636 ejus
1137 1554 1199 1616 luit
1236 1553 1278 1616 de

5 1665 11 1678 ¹
109 1646 300 1724 Bethlehem
321 1657 626 1741 Constantinopolin
661 1660 868 1741 translatum,
899 1667 932 1723 et
952 1657 1028 1722 inde
1048 1657 1202 1742 Romam,
1223 1658 1289 1722 nbi·

109 1763 209 1829 hodie
228 1764 271 1828 ai
292 1762 328 1827 S.
349 1765 489 1828 Mariam
516 1763 669 1848 majorem
690 1767 724 1830 iu
744 1765 888 1849 pretiosa
913 1762 1113 1831 reconditum
1141 1763 1278 1829 habetur

108 1869 228 1946 tumba.
268 1869 307 1932 ln
325 1867 559 1950 hocergolcco
581 1868 678 1932 dictis
696 1867 1126 1948 erationibusindulgentiae
1145 1867 1276 1948 accepi·

108 1991 182 2036 mus
202 1971 274 2054 (i).
316 1972 380 2036 l’ro
403 1971 577 2036 devotione
597 1970 639 2035 ad
660 1970 695 2034 S.
722 1970 935 2053 Jeronymnm
957 1969 1085 2054 legitur,
1107 1969 1141 2032 S.
1155 1969 1274 2051 Augu-

108 2077 230 2144 stiuum
252 2095 344 2140 maro
367 2075 527 2140 transisse
555 2073 598 2138 ad
617 2071 789 2138 visendum
810 2075 896 2138 hunc
923 2073 1046 2156 locum,
1078 2074 1111 2136 in
1139 2072 1277 2158 epistola

107 2178 319 2263 adCyrillum
330 2181 519 2263 episcopum
539 2177 867 2242 Hierosolimitanum.
909 2177 983 2241 Noc
1003 2179 1107 2260 potuit
1122 2178 1275 2242 detersa

109 2301 228 2366 corpus
254 2285 441 2368 transferri,
463 2303 505 2350 eo
532 2283 618 2349 enim
640 2281 797 2346 translato
818 2282 1051 2346 incrastinum
1072 2281 1134 2346 luit
1158 2283 1273 2344 iterum

108 2388 143 2454 iu
163 2389 262 2455 fovea
281 2372 453 2472 repertum,
476 2387 579 2453 donec
587 2387 772 2452 Jerusalem
787 2403 943 2469 possessa
963 2386 1026 2449 fuit
1044 2384 1272 2469 agentilibus5

9 2539 14 2548 .
108 2501 186 2556 tunc
217 2493 362 2575 permisit
396 2475 436 2556 se
464 2491 633 2559 transferri
661 2490 821 2574 Romam,
855 2499 896 2554 ut
917 2491 1053 2556 hahetur
1084 2490 1120 2556 in
1161 2489 1273 2554 ultima

107 2597 246 2680 epistola
267 2596 392 2682 cyrilli.
427 2642 431 2654 .

195 2837 435 2940 Sepulchrum
460 2839 503 2917 S.
528 2837 695 2932 ltlusebii,
719 2837 892 2940 discipuli
916 2837 958 2916 S.
982 2839 1184 2940 Jeronymi.

1 3071 4 3114 ,
189 3017 266 3082 Alia
285 3026 401 3102 crypta
421 3019 499 3084 huic
528 3027 579 3084 est
600 3037 745 3103 annexa,
767 3022 801 3084 in
821 3037 888 3103 quo
909 3019 944 3087 S.
968 3021 1142 3106 Eusebius,
1169 3021 1270 3088 ᾱίεοί-ι,

105 3121 202 3205 pulns
223 3122 290 3188 divi
299 3124 484 3208 ieronymi,
502 3125 721 3208 estsepultus.
763 3126 828 3190 Hic
838 3127 1012 3212 ammius,
1026 3125 1268 3208 Cremonensis,
1312 3125 1318 3131 “

1 3265 13 3323 ⁴.
104 3228 275 3310 ieronymi
308 3228 487 3312 discipulus
518 3228 640 3314 dictus,
672 3230 724 3302 vir
751 3228 1054 3315 eloquentissimus,
1090 3231 1175 3306 inter
1204 3230 1271 3292 aha
1379 3283 1383 3287 .

1 3413 3 3426 ⁴
105 3330 221 3414 vitam,
242 3331 413 3413 miracula,
435 3332 572 3414 obitum,
600 3333 654 3397 sui
671 3337 898 3416 ¹praeceptoris
912 3335 1090 3400 'luculento
1118 3351 1269 3397 sermone

2 3519 3 3524 ἵ
104 3432 531 3518 conseripsitaillamasum
541 3436 753 3503 l’crtuensem
763 3441 962 3522 episcopum,
975 3437 1269 3502 etad'l'heotoncm

13 3601 20 3628 -.
103 3538 322 3614 Romanorum
335 3539 648 3607 ¹christianissimum
675 3548 872 3606 senatorem.
909 3545 953 3608 nt
973 3548 1117 3628 quantae
1138 3541 1268 3606 nuntia

104 3644 182 3710 tatis
208 3643 306 3710 inerit
323 3644 374 3710 vir
389 3644 457 3726 ille,
478 3655 606 3712 natatur
626 3648 663 3716 in
682 3645 830 3730 epistola,
852 3664 949 3728 quam
970 3647 1101 3729 scripsit
1122 3645 1268 3729 praefato

104 3749 267 3830 episeopo.
310 3747 398 3821 Ante
409 3749 507 3832 hujus
528 3769 607 3834 erge
617 3751 732 3816 Sancti
744 3751 883 3815 tumbam
895 3751 1133 3835 procubuimus,
1154 3757 1268 3832 patro·

9 3896 17 3916 ,
103 3851 189 3916 cinia
224 3850 302 3933 ejus
345 3853 571 3937 pastinantes,
612 3865 657 3918 et·
693 3853 922 3936 indulgentias*
954 3855 1158 3938 suscepimus
1197 3852 1266 3935 (i).

103 3952 232 4021 othon
250 3972 347 4020 suum
368 3958 567 4025 revelatione
587 3960 673 4024 beati
694 3959 864 4040 ieronymi
885 3959 1063 4042 praescivit
1102 3967 1137 4022 et
1165 3976 1266 4041 prope

104 4060 243 4126 tumbam
263 4059 301 4131 S.
321 4061 490 4148 Jerauymi
503 4063 644 4148 ⁴»sepeliri
665 4062 851 4144 coustituit,
878 4071 911 4126 et
942 4061 1055 4128 cadem
1082 4063 1172 4146 hora,
1200 4079 1266 4146 qua
1393 4099 1394 4144 3

9 4201 25 4232 η
104 4161 173 4244 ipso
192 4164 288 4248 obiit,
320 4168 435 4234 monui
468 4175 546 4234 suut
586 4175 653 4234 tres
690 4175 786 4232 autea
805 4185 870 4250 per
901 4167 1030 4249 beatum
1051 4167 1265 4252 leronymum
