2792 4778
621 163 687 232 tte

66 347 225 414 meliores
244 351 447 434 peregrmae,
465 347 574 412 soeiao
593 358 735 430 nostrae,
755 347 1065 430 aorr·iutroivorw3‚
1081 346 1149 412 sed
1164 363 1237 412 oum

72 455 188 538 quiete
217 462 251 517 et
280 471 364 540 paee
390 455 471 520 ioris
501 451 654 516 sedentes
686 461 874 518 manserunt
902 455 937 519 in
963 471 1025 516 sua
1056 451 1237 536 devotione,

66 560 188 644 quibua
207 576 324 643 aquam
345 559 599 622 ministravimus
619 559 713 642 (ils),
756 559 799 623 Et
820 577 895 622 oum
916 557 1239 622 omnossimulextra

65 679 231 748 essemus,
254 665 418 727 orationes
440 666 659 748 praescriptas
677 663 829 748 legimus,
850 659 1109 745 etindulgentias
1124 661 1239 747 plena·

64 770 139 832 riae
160 769 361 836 remissionis
380 768 553 836 habuimus
574 769 668 852 (††).

280 1013 490 1119 Descriptio
515 1014 628 1092 fontis
654 1024 692 1089 et
718 1041 886 1118 aquarum
912 1017 1028 1096 Siloe.

154 1200 208 1263 Ex
228 1195 404 1282 praedietis
425 1204 518 1280 patet
548 1195 644 1260 etiam
673 1194 736 1261 looi
765 1195 853 1261 itltus
874 1197 1024 1282 aliqualis
1044 1197 1235 1280 descripti03

64 1315 179 1370 tamen
197 1303 279 1370 illud
300 1302 476 1368 notandum
503 1308 570 1384 est,
603 1301 691 1384 quod
722 1301 830 1365 fluxus
858 1301 946 1367 illius
978 1321 1083 1387 aquae
1111 1301 1238 1385 perlicit

64 1413 201 1494 insigne
221 1409 370 1493 perpetui
389 1406 550 1490 miraculi,
582 1425 624 1472 ex
650 1425 700 1489 eo,
723 1406 809 1490 quod
830 1425 895 1471 non
916 1408 1038 1492 jugiter
1058 1409 1144 1492 fluit,
1177 1403 1237 1473 sod

64 1514 272 1598 interpolatis
304 1514 420 1576 diebus
459 1513 494 1576 in
525 1511 726 1577 hebdomade
756 1513 861 1576 tribus
897 1513 969 1598 (B)
1013 1525 1068 1580 aut
1100 1521 1237 1600 quatuor

64 1621 194 1704 diebus,
215 1619 389 1701 aliquando
419 1620 592 1702 pensores
624 1616 743 1680 emittit
777 1635 897 1703 aquas,
933 1619 1107 1706 aliqnando
1129 1618 1236 1682 nullas

63 1727 215 1810 penitus,
247 1724 419 1809 aliquando
448 1724 580 1807 eopiosa
607 1722 763 1786 ooutnuut
790 1741 903 1811 nqueo.
947 1728 1021 1810 Ego
1043 1725 1237 1812 quandoque
1306 1748 1314 1766 ·

63 1831 136 1896 vidi
159 1817 348 1914 voraginem
368 1829 508 1913 niceam,
529 1827 725 1911 quandoque
746 1831 862 1909 paucis
884 1833 978 1914 aquis
1000 1833 1170 1912 fluentem,
1204 1839 1238 1892 ot

14 1985 15 1996 ,
64 1953 309 2019 nonnumquam
330 1933 412 1998 adeo
433 1931 589 2017 repletam
610 1934 721 2016 aquis,
744 1932 832 2015 quod
849 1953 945 1997 nomo
967 1943 1094 2017 poterat
1114 1935 1236 1997 hiatum

67 2043 202 2106 intrare.
245 2037 451 2123 singularem
471 2039 558 2100 enim
573 2036 700 2100 ooulum
722 2035 837 2100 adhoo
851 2038 960 2123 habui,
982 2047 1016 2103 et
1033 2057 1133 2124 saepe
1146 2037 1237 2102 solus

13 2191 15 2222 ‚
64 2163 165 2210 mene
188 2154 266 2208 ante
288 2145 368 2210 solis
390 2153 493 2208 omnm
506 2142 659 2206 deseendi
674 2141 902 2208 adridendum
912 2161 990 2209 rem.
1032 2145 1119 2212 Nam
1130 2145 1237 2208 liunus

64 2247 124 2316 ilie
144 2251 325 2335 inaequalis
346 2269 411 2314 non
432 2267 474 2314 ex
495 2258 620 2333 natura,
641 2246 759 2312 sodex
775 2249 931 2316 miraoule
944 2253 1080 2334 contigit
1094 2259 1238 2333 temporo

65 2355 190 2420 merae
210 2357 393 2440 prophetae.
434 2353 598 2421 Ezeehias
614 2354 699 2416 enim
724 2369 782 2419 rex
795 2354 980 2420 Jerusalem
1005 2375 1077 2420 oum
1100 2355 1236 2438 audiret,

65 2461 156 2546 quod
189 2463 352 2528 exereitus
387 2461 598 2544 Assyriomm
628 2459 756 2523 veniret
784 2459 827 2524 ad
859 2459 1062 2526 obsidionem
1091 2461 1235 2524 civitatis

66 2575 214 2651 sanotae,
236 2567 397 2632 obstruxit
421 2567 530 2630 lentas
549 2573 582 2628 et
603 2567 766 2629 obturavit
787 2568 946 2630 oisternas
969 2574 1056 2630 terra
1085 2575 1119 2629 et
1152 2565 1236 2648 lapi-

67 2671 166 2738 dibus
199 2691 257 2756 por
287 2671 457 2736 eirouitum
477 2671 677 2759 Jerusalem,
705 2679 742 2734 ut
773 2671 893 2734 inimiol
922 2673 1091 2736 venientes
1121 2687 1235 2754 aquam

67 2777 191 2841 nnllam
212 2777 405 2859 invenirent,
427 2785 460 2840 et
475 2773 522 2838 ita
542 2773 695 2840 recedere
714 2785 910 2858 angerentur
930 2779 1026 2863 asili,
1049 2783 1086 2840 ut
1100 2777 1237 2840 hebetur

66 2883 99 2946 2.
123 2881 316 2962 Paralipom.
342 2881 394 2945 32
437 2880 527 2942 Ante
548 2881 668 2944 imrtem
690 2890 796 2945 autam
818 2880 909 2944 Siloa
931 2883 1009 2946 feeit
1028 2882 1123 2966 quasi
1140 2885 1236 2964 stag-

12 3047 13 3052 ,
67 3005 158 3068 num,
179 2985 212 3048 in
235 3003 300 3068 quo
320 2983 549 3067 colligarentur
564 3003 694 3069 aquea,
730 2993 762 3048 et
782 2985 910 3050 nivibus
935 2988 1148 3068 deservirent,
1181 2985 1237 3067 qui

66 3091 111 3156 de
129 3090 275 3154 oivitete·
289 3097 439 3172 poterant
460 3089 648 3174 ascendere,
669 3099 703 3153 et
721 3107 824 3174 aquas
845 3109 974 3156 sursum
995 3101 1125 3175 portare
1138 3099 1236 3176 pote-

69 3203 155 3280 rant,
177 3205 209 3260 et
229 3198 340 3262 hostes
362 3195 404 3258 ad
427 3195 533 3260 loeum
553 3196 667 3260 venire
688 3203 722 3258 at
750 3200 867 3279 aqnarit
895 3199 1008 3262 tollore
1042 3195 1234 3280 [poterant].

70 3299 276 3385 Quapropter
288 3295 322 3364 S.
342 3301 459 3366 [isaias
481 3303 638 3384 propheta
658 3303 772 3381 oravit,
795 3310 825 3363 et
849 3303 1018 3366 allomino
1040 3300 1236 3384 irnpetravit,

69 3406 167 3490 quod,
189 3406 317 3496 quando
339 3407 477 3490 populus
500 3408 541 3473 de
563 3408 696 3470 civitate
709 3405 889 3490 deseendit,
911 3408 1113 3472 sufficientes
1132 3417 1234 3485 aquas

68 3513 203 3576 invertit.
246 3509 383 3590 Quando
404 3521 512 3576 antem
541 3511 662 3579 inimici
682 3522 861 3595 venerunt,
885 3513 1069 3575 sieaabatur
1092 3509 1183 3591 fons,
1204 3515 1237 3570 et

68 3615 177 3680 nullas
204 3619 352 3680 invenire
381 3625 529 3700 poteraut
557 3631 671 3698 aquae.
726 3619 772 3678 m
802 3616 875 3680 ideo
903 3616 936 3680 in
962 3617 1056 3678 ¹tronti
1091 3610 1237 3676 miraouli
1376 3649 1378 3656 ι

68 3722 256 3784 memoriam
277 3740 342 3786 non
363 3739 502 3805 semper,
524 3720 584 3786 sed
606 3718 805 3786 cortislroris
827 3722 905 3786 fluit.
947 3717 1236 3786 Dolreomiraonlo

70 3824 210 3908 loquitur
230 3825 407 3909 Josephus,
427 3836 462 3892 et
483 3827 646 3914 Magister
665 3827 700 3893 in
719 3826 817 3908 Speo.
839 3825 962 3890 Histor.
1120 3829 1123 3838 “

153 3931 256 3998 Juxta
276 3932 363 3996 hune
385 3932 505 3996 iontem
524 3932 676 4016 sepultus
696 3929 1236 4015 iuitJeaaiesprophotaapopnlo,

72 4033 148 4098 dum
179 4055 252 4100 oum
288 4037 465 4102 Manassen
501 4057 559 4102 rex
590 4036 718 4102 oeeidlt.
774 4035 875 4102 Porro
905 4037 1070 4102 destruota
1105 4037 1237 4114 civitate

71 4140 254 4206 Jerusalem
292 4161 351 4227 per
390 4142 626 4212 Nabuchodum
659 4159 770 4226 regom
818 4152 851 4204 ot
884 4143 958 4207 dum
991 4145 1052 4206 sub
1077 4141 1237 4207 Nahemia

74 4246 348 4333 reaedidaarelur‚
366 4251 520 4334 princeps
540 4251 616 4333 pagi
634 4247 775 4331 blasph
795 4232 981 4314 aedilioavit
997 4253 1122 4329 portam
1138 4244 1238 4308 tontis

969 4346 1029 4405 27‘
