2644 4786
532 174 596 236 dtu

10 381 13 418 t
48 367 196 423 tarnum
215 355 362 440 uidetur,
387 354 510 438 quibus
525 358 578 416 est
596 371 689 418 meus
710 355 828 432 sanior.
871 344 956 414 Nam
979 351 1149 416 norrnullos

10 465 105 545 ivi,
128 463 279 544 quiem
298 461 489 527 asserebant
509 476 548 520 se
569 458 704 542 vidisse,
725 467 954 542 superantem
973 455 1151 544 Dyaoimus

10 590 67 632 ιιι.
112 561 166 648 [2]
197 565 325 648 rotulit,
362 564 448 646 qudd
482 582 554 627 eam
587 567 730 651 quinque
755 561 884 627 vicibus
918 561 1056 646 aspexit,
1092 559 1150 622 sed

10 677 111 736 »bus
134 674 256 732 tantum
278 671 436 752 apparuit.
484 639 502 668 ’
612 676 616 686 ’
680 662 685 671 ’

10 937 15 976 ι
61 895 236 979 secundo
270 924 384 1004 specu
417 901 545 980 beatae
579 901 746 1002 Virginis
784 913 827 999 et
855 901 903 976 de
940 904 1024 998 ejus
1052 869 1149 1000 lacte

359 1078 371 1104 .
435 1022 674 1124 ‘apocrypho

58 1202 150 1268 Non
186 1203 283 1286 longe
311 1223 332 1266 a
363 1205 520 1268 foramine
546 1207 708 1268 cisternae
735 1213 786 1268 est
807 1205 942 1284 ostium,
975 1221 1032 1286 per
1063 1197 1151 1283 quod
1260 1241 1266 1250 -

10 1311 128 1394 gressi
154 1302 267 1372 sumus
286 1309 320 1368 in
345 1327 445 1370 unum
473 1307 572 1372 alium
604 1328 758 1393 specum,
788 1310 844 1394 qui
872 1305 1069 1373 venerabilis
1098 1314 1150 1367 est

10 1424 118 1498 »pror
146 1401 410 1480 substruentem
432 1413 547 1475 oenus
568 1415 693 1476 narras
711 1413 882 1497 ‘Virginis'
913 1415 1034 1475 orcum
1056 1396 1149 1472 'enim

10 1520 159 1600 moriae,
190 1516 275 1600 quod
304 1516 347 1580 ad
372 1515 623 1602 divulgationem
643 1529 810 1602 pastorum
844 1529 876 1610 et
904 1517 945 1588 ad
974 1517 1151 1596 adventum

10 1645 79 1688 nm
113 1640 227 1706 regum
260 1631 419 1684 venerunt
452 1621 543 1685 multi
580 1623 621 1686 de
648 1625 851 1708 Jerusalem,
884 1633 917 1688 et
945 1622 987 1685 ad
1014 1638 1149 1705 specum

10 1727 128 1814 gressi
146 1745 279 1810 puerum
312 1743 387 1789 oum
407 1727 513 1790 diaria
543 1737 644 1790 matre
672 1729 744 1811 ejus
765 1731 1011 1793 venerabantur.
1055 1723 1153 1804 uuou

10 1836 92 1898 uria
127 1849 265 1894 centens
287 1837 333 1915 ,et
364 1830 529 1894 Herodem
560 1840 709 1896 metuens
745 1835 827 1917 fugit
868 1835 951 1897 clam
983 1834 1025 1896 de
1056 1839 1150 1894 ante·

10 1941 54 2002 tri
106 1945 216 2020 antro,
262 1945 295 1997 et
330 1935 513 2000 interiorem
545 1937 697 2020 ingressa
735 1939 780 2002 ibi
814 1939 942 2000 occulte
977 1936 1149 1999 residebat.

10 2044 305 2124 rrelr'quitrautem
333 2042 367 2102 in
383 2043 546 2106 :auteriori
574 2050 667 2105 antro
697 2061 739 2104 ex
760 2043 947 2105 festinantia
972 2041 1084 2122 jacere
1114 2040 1151 2101 in

10 2149 162 2230 aesopio
181 2147 348 2210 curuum
369 2145 507 2228 longam,
528 2149 562 2209 in
584 2165 649 2231 qus
669 2149 781 2230 genuit
801 2147 897 2229 juxta
914 2164 1033 2209 morem
1050 2161 1151 2228 puer-'-

10 2272 136 2318 irarum
157 2253 191 2312 in
209 2251 282 2313 illis·
294 2251 400 2312 terris
443 2251 627 2335 Dereliquit
646 2256 740 2315 etiem
761 2270 898 2335 pannos,
920 2249 1150 2364 qtp‘busprimo

10 2359 171 2422 volvent
190 2372 336 2440 puerum,
357 2359 391 2416 et
406 2355 558 2440 lapidem,
580 2371 675 2440 quem
696 2359 794 2440 ospiti
812 2357 904 2439 pueri
924 2361 1149 2438 supposuerat,

33 2464 187 2542 foenum,
207 2459 242 2521 in
256 2474 327 2542 quo
344 2459 457 2541 jacuit.
507 2461 567 2523 llla
588 2465 693 2524 omnia
715 2464 750 2526 in
769 2461 939 2545 praesepio
961 2463 1153 2522 menseru'nt·

33 2571 237 2630 conservata
258 2564 387 2628 fuerunt
407 2568 534 2649 integra
555 2573 588 2627 et
611 2567 799 2650 incormpta
818 2566 929 2629 divino
950 2573 1031 2626 nutu
1052 2565 1093 2624 ab
1109 2565 1149 2625 eo

10 2689 134 2756 mpore
147 2687 257 2752 usque
287 2669 330 2732 ad
344 2671 502 2752 ‘tempora
522 2667 557 2733 S.
580 2671 737 2754 Helenae,
768 2689 851 2753 quae
879 2688 920 2732 ea
951 2667 1087 2751 reperit,
1113 2675 1150 2729 ut

10 2775 113 2840 ruebit
131 2773 186 2836 fot.
209 2772 279 2837 1⁷8.
301 2774 348 2835 Aa
445 2785 453 2805 ’·
755 2795 758 2806 ·
836 2773 839 2778 '
921 2791 927 2798 ’

71 2879 177 2942 Porro.
188 2877 222 2940 in
243 2877 400 2960 spelmtce
411 2877 566 2963 secunda,
588 2881 621 2942 iu
636 2899 733 2964 quum
748 2881 949 2965 confugerat,
972 2887 1040 2942 erat
1056 2871 1150 2961 petra

10 2985 38 3048 el
61 3001 180 3066 rupes,
202 2994 289 3065 quae
306 2985 524 3066 prominebat,
556 2986 590 3047 in
611 3003 676 3068 qua
694 2987 818 3049 solebat
839 2985 1026 3051 beatissima
1044 2983 1151 3046 Maria

10 3089 106 3152 edere
117 3085 159 3150 rt
176 3087 360 3152 lactandum
374 3096 518 3171 puerum.
560 3087 707 3172 Contigit
725 3100 832 3156 autem
843 3109 922 3154 casu
934 3089 986 3154 die
1002 3088 1150 3173 quadam,

10 3193 76 3258 nod
97 3191 142 3256 do
158 3193 299 3256 mamilla
309 3193 457 3276 Virginis
477 3201 570 3276 gutta
590 3193 686 3256 lactis
706 3197 824 3259 cecidit
844 3213 942 3280 super
960 3203 1095 3277 petram,
1117 3199 1151 3252 et

10 3319 27 3361 e
50 3295 328 3381 petra'daorsum
357 3297 481 3361 stillare
508 3300 614 3381 coepit
642 3317 684 3361 ex
704 3307 804 3383 tune,
831 3295 943 3383 usque
960 3296 1063 3378 nune,
1095 3287 1151 3375 qui

10 3421 106 3466 umor
125 3407 175 3464 est
195 3399 291 3467 lactei
312 3401 446 3484 muris,
467 3403 593 3466 medica
613 3401 769 3465 rubedine
789 3404 928 3485 mixtus,
960 3415 1030 3464 uec·
1042 3407 1151 3483 potest

10 3505 137 3572 ebiberi
161 3503 255 3568 stillo
278 3505 344 3570 ille.
388 3497 557 3590 Peregrini
584 3515 691 3569 autem
720 3515 904 3588 supponunt
934 3505 1082 3585 vitricia,
1113 3499 1153 3564 'et

10 3621 103 3676 uttos
124 3609 311 3674 decidentes
330 3613 463 3694 capiunt
483 3619 518 3674 et
538 3609 580 3674 od
601 3613 832 3674 transmarinas
850 3621 959 3694 partes
991 3610 1153 3691 deferunt,

11 3719 153 3797 ioentes,
167 3731 251 3777 esse
270 3715 322 3778 lac
343 3718 459 3780 beatae
476 3716 635 3799 Virginis.
678 3715 757 3778 lude
778 3721 847 3800 est,
877 3713 963 3799 quod
984 3715 1019 3777 in
1041 3713 1153 3778 multis

10 3818 140 3886 eclesiis
160 3820 245 3882 inter
265 3820 417 3904 rapidas
439 3821 618 3884 ostenditur
635 3820 688 3883 lae·
708 3822 824 3896 beatae
832 3818 992 3904 Virginis,
1013 3820 1099 3882 sieut
1117 3817 1152 3879 iu

10 3924 132 3989 Jolonia
158 3922 201 3985 ad
227 3921 330 3986 altare
360 3926 394 3988 in
420 3924 597 4008 Capitolio,
628 3934 663 3986 et
692 3927 726 3987 in
754 3925 919 4008 K'yrcben,
956 3921 1152 3988 monasterio

10 4027 176 4093 uouialium
187 4025 319 4092 Ordinis
328 4025 433 4110 [m
451 4029 505 4108 B)
526 4028 796 4092 Praedicatorum.
839 4029 881 4092 Et
901 4029 978 4092 hino
997 4025 1074 4089 inde
1093 4042 1153 4106 per

12 4137 129 4216 taliam,
139 4131 321 4215 Franciam,
341 4143 374 4196 et
383 4133 617 4196 Alemanuiam.
661 4135 704 4196 tut
721 4135 822 4216 suepe
833 4144 910 4197 ante
921 4129 1152 4214 experientiam

10 4242 131 4306 niratus
156 4237 222 4320 fui,
250 4235 338 4300 uude
361 4237 416 4302 lac
447 4236 525 4301 illud
548 4248 655 4320 esset,
687 4237 741 4302 vel
768 4257 788 4299 a
819 4256 884 4320 quo
916 4235 1087 4298 collectum
1120 4241 1152 4292 et

856 4377 859 4384 .
914 4335 949 4391 29
