2596 4788
685 111 752 182 eut

136 303 343 388 reputabunt,
377 296 463 362 inter
493 311 578 380 quae
610 295 804 360 dominicum
848 295 1083 379 sepulchrum
1121 293 1231 372 praecipu

136 417 221 491 erut,
243 404 329 489 qnod
357 402 543 466 nullatenus
568 401 613 464 lbi
634 402 789 483 gentibus
819 397 1101 465 conculcandum
1130 394 1237 456 unum

136 512 218 576 Cum
239 511 334 572 etism
356 525 444 570 nnnc
462 505 576 570 fideles
600 504 657 569 illu
683 505 756 568 locu
776 507 956 569 visiuutes
984 504 1037 567 (le
1058 502 1157 585 petiis
1174 511 1201 561 et
1213 513 1240 560 tu

136 621 288 698 quantum
309 622 449 695 pessunt
469 613 616 693 auferre,
638 611 769 693 tollunt,
790 619 824 672 et
844 611 875 673 si
893 615 1069 692 ponent,
1092 615 1187 670 totum
1203 617 1245 666 terr

136 725 357 802 asportarent,
378 735 421 779 ue
444 719 594 798 aporeis
614 715 681 776 illis
708 715 969 778 conculcaretur.
1018 714 1070 776 ut
1094 729 1186 774 neruo
1201 709 1248 770 luti

136 822 178 886 de
198 822 271 906 illo,
303 823 332 884 si
359 822 514 903 possibile
547 829 637 884 esset
658 821 762 883 locem
791 821 899 882 mucti
929 818 1128 902 sepulchri
1155 835 1253 878 ιοιιιιι

136 927 256 992 dudum
294 927 400 1010 ipsum
436 925 700 1007 transtulissent,
732 933 854 1009 quanto
884 927 1003 1008 magis
1051 931 1195 1006 petrem,
1220 937 1255 1001 qn

137 1033 308 1116 deportare
330 1040 468 1114 possunt
488 1035 523 1093 in
553 1029 730 1113 particulis.
772 1029 850 1092 Alia
871 1033 972 1114 ratio,
1016 1045 1137 1115 quere
1157 1026 1257 1191 dicul

137 1137 333 1204 remansisse
354 1134 395 1198 de
410 1145 523 1199 suncte
539 1135 725 1221 sepulchro,
739 1143 790 1197 est
802 1135 985 1198 indiscreto
1012 1134 1162 1198 devotio
1175 1128 1238 1192 lilel'

137 1245 193 1328 qui
220 1249 351 1326 propter
371 1241 494 1304 nullum
524 1250 735 1325 praeceptum
766 1258 829 1302 nec
849 1241 1127 1322 prohihitionem
1158 1204 1257 1406 inoff

137 1350 215 1431 quin
238 1347 280 1410 (le
313 1347 395 1409 locis
425 1347 551 1409 sanctis
577 1345 694 1410 tollunt
725 1345 917 1428 porticulus,
950 1348 983 1408 si
1017 1351 1177 1428 possunt.
1211 1339 1257 1420 litw

136 1453 199 1516 hoc
220 1461 411 1534 argumente
431 1451 550 1515 dudum
573 1459 698 1534 petrem
723 1451 829 1514 sancti
849 1451 1025 1534 sepulchri
1050 1450 1241 1531 (leporum

219 1557 249 1616 E
271 1557 432 1617 contrario
454 1558 635 1618 rationibus
663 1555 821 1637 praefatis
849 1555 904 1620 alii
939 1563 1149 1640 opponunt,
1177 1547 1257 1610 dit&

138 1657 179 1722 ad
201 1660 335 1742 primurn
363 1656 405 1720 (le
434 1659 555 1730 malitie
580 1659 775 1743 infidelium,
809 1659 895 1745 quod
927 1677 1124 1745 numquam
1157 1648 1257 1722 edwii

137 1765 246 1850 ferox,
273 1773 309 1828 ut
329 1765 363 1826 in
386 1773 534 1827 sanctum
556 1749 763 1847 sepulchrum
784 1768 946 1849 saeviret,
972 1767 1058 1830 Deo
1081 1773 1118 1826 et
1139 1755 1252 1840 angelis:

137 1870 413 1954 custodientibus,
434 1879 471 1934 ut
491 1868 609 1932 dietum
632 1878 684 1932 ost
704 1887 804 1952 supra
825 1871 879 1933 fol.
904 1873 1027 1935 1223.
1078 1871 1128 1932 Et
1148 1865 1184 1928 de
1198 1865 1257 1924 ἰιιῠι

138 1979 275 2040 nissimo
306 1986 443 2060 tyranno
476 1976 600 2039 Cosroe
637 1974 770 2058 legitur,
809 1976 896 2060 quod
932 1977 1009 2040 (lum
1049 1967 1250 2048 Hierosolyul

137 2081 356 2160 incendisset,
389 2090 424 2144 et
452 2083 493 2146 ad
522 2080 676 2166 templum
703 2086 810 2142 suncti
844 2083 1009 2165 sepulchri
1041 2075 1253 2150 accederet!

137 2186 244 2268 ipsum
266 2184 454 2268 dissiparet,
485 2187 674 2268 perterritus
696 2187 758 2249 fuit
778 2196 854 2250 ante
882 2187 1080 2269 ecclesium,
1113 2191 1149 2248 ut
1168 2171 1249 2242 soche

138 2293 178 2353 sb
196 2309 235 2352 ea
254 2291 434 2372 recesserit,
446 2307 508 2352 rrec
519 2290 560 2351 etl
572 2291 781 2373 sepulchrum
800 2291 993 2356 dominicum
1007 2309 1133 2356 ventre
1143 2273 1250 2365 [1291

137 2397 250 2479 potuit.
295 2395 449 2457 Sciebant
482 2396 594 2477 etism,
630 2397 716 2480 quod
747 2397 918 2481 sepulchro
949 2405 1111 2460 monente
1135 2384 1247 2456 christu

138 2501 237 2564 nullis
272 2504 426 2583 expensis
457 2509 648 2583 parcerent,
681 2501 782 2565 sed'
772 2522 879 2585 rpsum
911 2505 1106 2584 visitarent,
1140 2487 1249 2572 „puls

139 2609 296 2690 pecunius
321 2605 441 2668 multus
462 2622 521 2686 pro
542 2606 695 2669 theloneo
726 2608 847 2671 habere
877 2617 1030 2692 possent,
1052 2618 1088 2674 et
1113 2619 1169 2688 pro
1192 2598 1247 2657 illl*

138 2712 292 2772 missione
310 2710 345 2770 in
376 2709 570 2773 dominicum
601 2711 809 2795 sepulchrum
831 2731 943 2776 surum
962 2724 995 2777 et
1016 2719 1181 2798 argentum
1194 2708 1244 2780 lm

49 2839 51 2842 ·
138 2813 261 2876 herent.
283 2810 362 2876 Ideo
384 2816 508 2878 ratione
528 2821 686 2900 quaestus
708 2823 743 2876 et
762 2815 911 2882 utilitatis
924 2824 1140 2882 servaverunt
1155 2809 1246 2872 stiffi*

138 2917 361 2999 sepulchrum,
392 2917 462 2982 Deo
483 2921 518 2982 in
547 2922 629 3004 ipsis
652 2937 792 2983 umorem
813 2925 973 3002 pecuniae
998 2911 1244 3007 augmentantes

138 3030 322 3084 servaretur
341 3037 436 3086 suurn
460 3027 675 3108 sepulchrum.
718 3025 792 3090 Nec
813 3028 1006 3094 credendum
1033 3040 1096 3111 est,
1118 3015 1191 3109 quud
1204 3009 1246 3070 Sl·

138 3128 246 3191 raceni
267 3145 288 3189 a
310 3125 506 3192 christianis
525 3133 640 3194 vexati
678 3131 856 3196 vindictum
877 3131 1048 3195 monneto
1076 3118 1242 3214 semtelnt

124 3234 291 3312 ¹ultionem
313 3243 505 3317 qusererent
536 3253 608 3298 cum
631 3245 720 3300 tanto
742 3255 852 3300 eorum
874 3236 1074 3300 detrimento.
1101 3237 1168 3302 lloe
1183 3217 1246 3308 lull*

138 3341 252 3423 eredo,
274 3339 391 3424 quod'
381 3358 487 3425 ipsum
508 3339 827 3424 steropermiserint,
848 3350 883 3404 ut
895 3339 1075 3408 Christiani
1094 3329 1242 3416 heniguilll'

138 3443 178 3505 ud
202 3463 260 3506 eos
282 3455 408 3529 essem,
441 3448 518 3530 quia
538 3445 638 3507 valde
670 3447 785 3510 timent
810 3464 878 3510 eos.
922 3448 1059 3531 Insuper
1089 3463 1149 3510 non
1166 3431 1246 3500 som

139 3547 253 3609 rationi
276 3564 469 3632 consonum,
503 3549 590 3634 quod
611 3549 724 3614 fideles
756 3553 953 3634 emigrantes
972 3571 993 3616 a
1010 3549 1181 3616 Jmusulm
1195 3529 1242 3598 ill*

139 3651 202 3712 rint
222 3652 297 3714 inde
330 3653 523 3719 dominicum
555 3657 779 3741 sepulchrum,
812 3675 886 3720 cum
907 3657 952 3720 sit
970 3665 1064 3740 petra
1089 3631 1245 3736 ἰιιῐοεῐῑιἀι

137 3753 318 3820 visceribus
350 3768 455 3822 terres
476 3777 688 3846 excrescens,
720 3771 753 3824 et
773 3763 804 3825 si
830 3771 979 3827 reserent
998 3770 1134 3847 petron,
1160 3753 1240 3839 quatri.

138 3879 202 3944 quo
227 3867 437 3944 portaverunt
458 3883 539 3930 saxu
557 3866 698 3932 abrasul
719 3867 904 3953 Numquam
924 3867 1021 3932 vnu
1011 3887 1047 3932 ιιι
1063 3867 1162 3952 ulique
1176 3846 1242 3918 Μ’

137 3967 187 4030 siu
218 3965 357 4049 lapidem
380 3967 422 4033 de
451 3981 566 4034 sancto
594 3972 804 4055 sepulchro'
794 3991 829 4037 ιιι
860 3974 1042 4059 quantitate
1069 3974 1156 4037 uelut
1178 3945 1238 4038 hgt'l

137 4082 297 4138 ettamen
319 4073 395 4136 fni
385 4094 420 4138 ιιι
442 4075 550 4138 multis
572 4085 605 4138 et
624 4079 807 4161 praecipuis
825 4075 976 4142 ecclesiis
996 4078 1127 4142 orientis
1146 4081 1172 4138 cl
1186 4053 1239 4128 W

142 4173 256 4238 olenus
301 4177 373 4238 Nec
393 4177 635 4256 intelligendum
656 4190 725 4262 est,
746 4181 833 4263 quod
853 4179 1148 4248 omneschrtsumt
1162 4165 1234 4242 sustu
