2736 4768
618 107 658 172 19

9 307 12 363 ι
125 283 265 368 Legitur
295 283 329 350 ia
358 279 551 366 chronicis,
579 283 664 368 quod
699 286 738 348 B.
767 283 898 370 illotus,
929 285 1018 352 Petri
1043 307 1217 356 successor

9 386 260 468 ,corastruxerit
281 387 407 456 Romae
428 390 464 451 B.
487 388 586 452 Petro
609 388 799 474 ecelesiam,
838 388 883 454 et'
897 394 1047 456 omnibus
1068 395 1217 460 fidelibus

9 490 193 577 ,scripsit,
220 493 364 576 inuitans
392 508 450 556 eos
478 491 519 555 ad
547 493 823 558 visitatitaticnem
849 495 1017 578 sepulchri
1044 498 1080 561 S.
1119 501 1218 585 Petri,

9 600 170 679 ,dicenter
193 595 289 675 Quod
310 594 495 678 hujusmodi
515 599 732 682 peregrinatio
764 601 932 685 praevalet
947 601 1070 684 jejunio
1083 602 1219 672 ducrum

9 704 265 786 ,annorum-iet
288 702 352 764 sub
374 705 470 785 gravi
498 705 704 766 anathemate
726 707 1065 782 excommunicationis
1086 707 1217 773 dissua-

9 829 10 886 ι
32 808 161 870 dentes
183 815 217 870 et
236 806 455 891 impediemus
475 807 658 890 hujusmodi
684 811 977 893 peregrinationem
999 811 1216 898 [prohibens].

28 911 73 975 Si
97 911 320 995 peregrinatio
344 910 385 975 ad
407 920 592 990 sannorum
605 914 823 997 apostolorum
843 913 955 978 limina
973 924 1096 980 tantum
1116 919 1217 1003 valet,

28 1025 199 1100 quantum
224 1016 335 1080 valeat
361 1012 578 1105 peregrinatio
612 1017 656 1090 ad
682 1017 793 1080 limina
825 1017 964 1103 Christi,
1000 1030 1033 1083 et
1066 1020 1107 1083 ad
1142 1023 1215 1106 ejus

29 1139 191 1204 suaeque
212 1114 324 1214 mairia
344 1121 519 1204 sewlchra
538 1139 697 1204 pensare
700 1121 838 1185 faciliter
858 1131 967 1206 potest
985 1123 1102 1188 fidelis.
1123 1126 1166 1190 lile
1184 1129 1215 1191 si

30 1224 272 1290 dissuadentes
294 1245 457 1290 romanam
478 1226 697 1289 visitationem
715 1225 766 1288 sic
787 1229 1114 1315 excommunicantur,
1129 1251 1213 1338 qua·

29 1331 113 1394 liter
135 1330 415 1403 anathemiuentur
434 1331 635 1395 retrahentes
655 1348 676 1391 a
692 1330 877 1394 visitatione
893 1311 1214 1418 Hierosolymitana‘l

30 1433 204 1516 Videant,
247 1435 302 1517 qui
338 1435 422 1498 inter
453 1435 517 1498 hoc
555 1444 675 1517 agunt3
716 1433 799 1499 Cum
826 1435 902 1499 illae
935 1437 1020 1502 dnae
1051 1443 1212 1527 civitates,

9 1587 10 1592 η
29 1539 245 1622 ierosolyma
266 1548 298 1602 et
310 1529 434 1624 noma,
455 1541 584 1603 tantuui
600 1539 742 1602 distent'
733 1559 766 1602 nr
788 1538 955 1642 dignitate,
977 1551 1017 1614 et
1030 1535 1212 1652 panoniam,

30 1653 199 1730 quantum
219 1641 369 1708 Christus
390 1661 502 1729 supee
511 1646 675 1730 apostolos
698 1643 798 1728 (est.)

117 2097 545 2244 coniurationum
583 2103 823 2244 'buhhan
857 2024 1148 2242 §annuali

249 2293 289 2359 et
312 2285 621 2386 Peregrinatio*
644 2285 722 2360 eius
746 2281 1028 2384 praeconizatio.
1119 2386 1125 2396 1

387 2414 398 2434 ,
486 2406 505 2437 ,
797 2404 804 2415 .

133 2476 393 2552 lllUL'l'IPLEX
413 2509 481 2553 vox
494 2505 609 2554 sacrae
626 2483 812 2568 Scripturae
823 2496 952 2550 terram.
961 2493 1107 2548 sanctam
1120 2485 1214 2548 uobis

33 2588 215 2672 declamat,
238 2609 309 2656 eam
331 2611 406 2656 esse
420 2591 707 2678 commendabilem
723 2610 802 2674 prae
817 2591 965 2655 omuibus
987 2589 1213 2681 muuditcrris,

31 2696 213 2759 nominans
252 2714 325 2760 eam
352 2707 472 2766 terram
504 2704 669 2780 sanctam,
701 2713 721 2760 a
748 2692 819 2759 Deo
849 2697 1072 2778 benedictam3
1095 2711 1118 2759 a
1144 2693 1215 2757 Deo

31 2797 425 2899 singulariter'creetarffi
439 2811 472 2866 et
492 2801 677 2884 fundatem3
689 2799 800 2863 aDeo
825 2808 1024 2883 respectam,
1047 2800 1213 2882 optimam,

31 2903 140 2975 valde
157 2905 273 2993 bonam
284 2923 294 2985 3
306 2899 488 3003 95¹²ng
506 2903 848 2988 desiderabilcm3Dco
866 2906 1043 2968 chariorem
1051 2907 1214 2988 omuibus,

32 3009 195 3091 electam3
212 3005 387 3091 excelsam,
409 3017 442 3078 et
460 3009 644 3091 hujusmodi
663 3009 774 3094 miella,
796 3007 868 3091 (B)
888 3010 1005 3092 quibus
1027 3029 1099 3074 eam
1120 3029 1215 3074 secra

32 3113 205 3195 scriptura
226 3112 438 3183 commendat.
481 3113 525 3177 Ut
545 3114 719 3178 Deuteron.
742 3113 832 3177 (1.8.
855 3121 888 3175 et
911 3115 961 3184 11.
979 3103 1138 3178 laudatur.
1171 3115 1214 3178 nt

33 3217 166 3282 merito.
189 3215 250 3280 Est
271 3217 357 3280 enim
378 3225 466 3283 terra
484 3219 540 3280 illa
564 3222 738 3283 sanctitate
761 3217 1028 3302 foecundissima,
1058 3217 1215 3301 exemplis

33 3322 197 3386 virtutum
218 3321 407 3405 fortissima,
428 3323 595 3388 nobilitate
616 3325 818 3408 dignissima,
842 3325 908 3387 situ
927 3324 1122 3407 sanissima,
1138 3341 1216 3385 acre

35 3425 325 3509 temperatissima,
346 3423 443 3508 gleba
454 3430 674 3512 subtilissima,
686 3429 926 3511 comparatione
945 3427 986 3489 ad
1006 3429 1087 3490 alias
1109 3437 1218 3491 terras

35 3527 213 3613 altissima,
226 3531 388 3593 montibus
403 3531 545 3619 excelsa,
555 3535 597 3599 ad
609 3533 794 3618 Mundum
808 3501 1032 3616 munitissima,
1043 3533 1213 3617 sigifica-

35 3631 187 3697 tionibus
208 3643 242 3696 ot
261 3635 376 3720 figuris
395 3637 572 3722 aptissima,
594 3639 689 3702 bonis
710 3637 905 3718 hujusvitae
926 3635 1213 3721 sufficientissima,

35 3745 174 3824 propter
195 3754 268 3817 earo
288 3739 364 3804 olim
386 3741 602 3806 inhabitantes
629 3742 829 3826 dignissima,
850 3752 980 3824 propter
1008 3741 1127 3818 baete
1118 3762 1151 3804 nr
1173 3760 1214 3805 ea

35 3841 300 3929 mirabilissime,
322 3854 453 3935 propter
473 3856 607 3912 sanctos
634 3849 668 3912 in
689 3866 729 3910 aa
756 3855 852 3910 natos
877 3847 1161 3932 spectabilissimo,
1180 3857 1215 3909 et

36 3955 176 4032 propter
198 3952 355 4032 mysteria
377 3951 584 4035 undiquaque
598 3971 651 4028 ,ex
671 3971 712 4014 ea
731 3951 889 4034 fulgentia
912 3951 1103 4034 clarissima,
1125 3953 1214 4014 cultu

39 4053 158 4116 divino
179 4055 364 4140 praecipua,-
386 4055 521 4139 templis
536 4064 569 4118 ct
589 4056 741 4124 ecelesiis
757 4055 1024 4144 singularissimas,
1040 4055 1214 4119 medietate

40 4175 108 4223 sua
129 4158 377 4245 virtuosissimos,
400 4161 654 4248 aerumnosiset
686 4162 815 4226 vitiosis
847 4161 1036 4244 durissima,
1058 4140 1213 4235 uietnosis

961 4259 1004 4318 2*
