2774 4776
661 95 704 162 97

174 279 301 360 Quinta
322 279 377 345 die
397 279 440 344 a'tl
459 281 600 346 insulam
622 279 656 342 S.
677 279 825 344 Helenae
853 283 1069 365 Imperatriois
1089 285 1263 370 navigavi-

84 405 178 472 mus,
201 396 234 452 et
260 387 399 454 Missam
421 388 467 452 ibi
487 388 554 472 legi
575 385 731 450 Dominis.
773 386 853 450 Post
883 389 1021 457 Missam
1041 391 1264 474 patefeosrunt

85 495 181 560 nobis
212 493 363 562 monaehi
389 480 835 576 tumnums.11eleme,'et
865 511 983 578 eorpus
1005 495 1077 578 ejus
1103 496 1263 580 integrum

84 601 230 666 vidimus
253 619 327 664 oum
348 599 421 662 aliis
453 598 564 662 multis
585 599 747 682 reliquiis,
768 605 801 660 et
823 598 1023 668 deosculatis
1044 619 1084 666 ao
1103 599 1263 666 elenodiis

84 707 249 772 auntaetis
280 706 423 790 reliquiis
459 705 493 767 in
521 704 649 769 domum
685 714 829 768 nostram
856 707 986 770 reversi
1012 725 1133 775 sumus·
1183 708 1263 772 Post

85 811 259 896 prandium
287 812 321 873 in
348 810 482 896 galtiam
511 811 702 876 conductam
733 811 979 896 navigavimus,
1011 822 1046 877 et
1073 812 1262 897 reperimus,

86 917 176 1002 quod
206 927 362 1001 patronus
383 917 425 982 ad
444 927 569 1001 partem
584 918 769 982 urfemoram
788 918 975 980 eumbarum
994 926 1177 983 nostrarum
1192 919 1263 982 fieri

87 1025 168 1090 feeit
190 1038 339 1108 asseres,
360 1031 396 1087 ut
418 1022 575 1108 quosdam
606 1019 639 1086 in
661 1021 711 1086 eis
732 1023 905 1086 oollooaret
928 1022 969 1086 ad
998 1021 1100 1106 pedes
1121 1031 1261 1108 nostros,

85 1131 143 1193 ubi
176 1127 337 1192 debebant
366 1129 443 1211 poni
473 1127 692 1192 calceamenta
721 1137 755 1190 et
786 1127 923 1192 urinalia
951 1137 1074 1197 nostra.
1113 1127 1262 1195 Diximus

85 1242 198 1300 antem
218 1232 409 1303 mntodllms
439 1233 570 1316 galiae,
599 1241 635 1296 ut
667 1241 802 1316 patrono
832 1232 995 1315 dioeront,
1028 1232 1116 1318 qnod
1143 1235 1206 1302 nisi
1226 1237 1261 1297 in

85 1342 267 1406 erastinum
297 1339 371 1406 ilios
409 1357 539 1422 asseres
575 1337 769 1422 deponeret,
808 1348 940 1424 paetum
971 1339 1092 1404 saetam
1134 1340 1261 1404 irritare

6 1507 7 1520 ,
85 1447 269 1530 vellemus,
291 1446 367 1531 quia
392 1453 480 1508 osset
502 1453 614 1510 eontra
642 1445 815 1511 articulum
842 1463 972 1513 nonum
1014 1442 1069 1507 Ex
1089 1446 1152 1511 hoe
1174 1445 1261 1510 faeta

86 1561 141 1616 est
163 1550 325 1615 dissensIo
351 1551 436 1612 inter
456 1551 645 1632 peregrinos
677 1559 709 1612 et
733 1560 913 1635 patronum.
954 1548 1133 1634 Oportebat
1152 1559 1261 1630 tamon

6 1671 7 1680 ¹
86 1675 165 1720 eum
186 1673 269 1738 opus
302 1654 422 1721 laetum
453 1653 637 1739 destruere,
665 1655 848 1726 sivolebat
876 1674 938 1718 nos
964 1673 1079 1720 meum
1109 1658 1260 1734 refluere.

84 1765 133 1826 Et
153 1763 200 1825 ita
221 1759 387 1844 dispositis
408 1761 533 1837 eumhis,
554 1761 596 1824 ad
617 1762 791 1844 hospitium
811 1763 937 1826 reversi
956 1779 1078 1826 snmus.
1099 1760 1176 1846 (ΙΙ)

174 1910 277 1976 Sexta
300 1909 351 1975 die
372 1912 599 1995 navigavimus
621 1913 662 1977 ad
688 1915 839 1978 Sanctam
858 1913 1004 1998 Luciam,
1025 1922 1058 1977 et
1078 1915 1123 1978 ibi
1142 1911 1259 1979 Officio

86 2015 199 2082 audito
221 2034 341 2100 eorpus
364 2018 510 2099 ejusdem
530 2021 685 2102 virginio,
718 2015 868 2102 quodibi
895 2017 1071 2083 honorilioe
1089 2020 1124 2082 in
1151 2019 1261 2084 tumba

87 2123 290 2186 reconditum
311 2121 459 2203 habetur,
480 2124 638 2210 vidimus,
662 2134 695 2188 et
715 2117 896 2188 deoseulati
923 2141 1053 2210 sumus,
1075 2134 1108 2188 et
1135 2127 1261 2188 reversi

87 2246 204 2292 sumus
226 2228 268 2290 ad
289 2227 396 2290 looum
420 2238 576 2296 nostrum.
618 2229 741 2294 Eodem
763 2229 816 2292 (lie
844 2228 886 2292 ati
908 2229 1011 2291 forum
1041 2231 1260 2315 transivimus,

89 2342 123 2397 et
153 2337 260 2396 omnia
301 2336 489 2396 necessaria
527 2333 568 2398 erl
608 2331 736 2418 galiam
773 2352 831 2418 pro
876 2333 1084 2418 navigatione
1124 2336 1259 2418 eminus,

88 2439 260 2520 culcitras,
280 2436 436 2520 lectulos,
458 2439 647 2522 cervicalia,
678 2437 879 2520 linteamina,
899 2439 1109 2522 coopertoria,
1131 2447 1260 2522 mattas,

89 2541 282 2626 amphoras,
314 2553 346 2606 et
368 2552 497 2608 molera
517 2564 575 2626 pro
609 2545 810 2627 singulorum
832 2543 956 2606 cumbe.
999 2543 1071 2626 Ego
1093 2543 1259 2608 culcitram

86 2668 149 2734 pro
169 2667 221 2712 mo
239 2647 324 2730 jussi
346 2665 452 2712 ornere
475 2647 630 2732 repletam
651 2649 726 2734 pilis
747 2664 933 2732 vaccarum,
955 2657 989 2711 et
1011 2656 1132 2712 stratos
1146 2647 1260 2711 laneos

89 2755 133 2817 de
154 2751 251 2817 Uima
270 2771 396 2815 mecum
418 2751 571 2837 tuleram,
591 2764 628 2818 nt
649 2752 699 2820 sic'
717 2753 887 2818 dormirem
916 2758 950 2816 in
980 2753 1093 2839 galia,
1122 2752 1206 2818 sieut
1226 2753 1259 2816 in

8 2851 11 2868 '
88 2857 184 2924 cello.
235 2857 407 2941 Indignum
434 2859 519 2922 onim
541 2857 687 2942 iudicavi
704 2859 862 2926 'molliori
897 2869 1002 2924 stratu
1030 2861 1078 2924 uti
1107 2861 1142 2924 in
1170 2862 1259 2944 navi,

8 2999 11 3026 r
89 2983 189 3050 qnam
210 2963 244 3026 in
265 2961 359 3026 cella.
861 2980 866 2988 ·

175 3115 321 3200 Septima
339 3105 410 3200 ilie,
433 3133 517 3202 quae
538 3125 589 3182 ost
609 3117 729 3183 fastum
752 3118 972 3187 translationis
1006 3118 1041 3184 S.
1063 3119 1152 3186 Petri
1171 3139 1260 3186 mar-

89 3223 191 3308 tyris,
218 3221 447 3304 navigavimus
471 3217 569 3301 extra
587 3223 746 3287 Venetiae
765 3227 806 3305 ln·
824 3223 1032 3306 Marianam,
1053 3233 1085 3286 et
1107 3224 1259 3290 officium

88 3327 133 3395 ad
153 3326 398 3393 Praedioatores
419 3329 454 3392 in
476 3329 616 3419 eeclesia
638 3327 672 3390 S.
695 3329 785 3394 Petri
803 3331 959 3410 martyrio
980 3327 1173 3392 audivimus.
1218 3330 1261 3392 Et

9 3467 11 3480 r
89 3434 165 3498 viso
184 3431 229 3498 ihi
250 3431 424 3498 Conventu
446 3441 482 3494 et
500 3434 652 3496 fratribus
679 3433 907 3516 navigavimus
937 3431 978 3497 ad
1008 3433 1178 3496 eeclesiam
1198 3452 1262 3517 pa-

90 3537 283 3622 roehialem,
309 3539 365 3603 ubi
391 3539 549 3622 plebanos
580 3538 722 3602 ostendit
749 3537 846 3600 nobis
866 3537 900 3598 in
933 3538 1044 3602 tumba
1073 3557 1138 3602 una
1159 3539 1261 3603 multa

90 3661 229 3726 eorpora
245 3646 375 3728 mtegra
401 3643 443 3708 de
475 3643 606 3706 §anatis
627 3642 875 3722 lnnoooutibus,
913 3642 1032 3726 anilrns
1062 3643 1260 3708 deosculatis

90 3749 302 3816 transivimus
324 3751 365 3814 atl
379 3750 529 3815 fornaces
546 3749 760 3831 vitriatorum,
778 3745 941 3832 inquibus
959 3755 1030 3810 arta
1048 3748 1262 3813 subtilissima

90 3854 307 3918 instrumenta
333 3856 439 3918 vitrea
467 3853 676 3946 multiformia
696 3853 801 3935 liunt,
828 3854 863 3917 iu
885 3861 952 3916 toto
973 3869 1114 3936 namquo
1141 3853 1260 3918 mundo

10 4045 11 4050 Ἰ
92 3969 257 4024 nunaunt
278 3961 361 4024 tales
381 3961 537 4026 vitrorum
562 3958 704 4026 munros
732 3957 819 4022 siout
838 3959 894 4022 ibi.
936 3957 1078 4022 llaeinnt
1108 3959 1195 4022 enim
1216 3960 1260 4022 ibi

10 4061 11 4082 ¹
93 4081 179 4128 vasa
207 4068 351 4148 pretiosa
375 4065 575 4150 crystallina,
598 4073 630 4126 et
650 4063 715 4128 alia
736 4064 817 4126 mira
845 4064 890 4128 ibi
917 4062 1079 4127 videntur.
1124 4059 1261 4146 Quibus,

11 4197 12 4204 ¹
94 4171 179 4234 visis
200 4171 331 4255 navigio
350 4171 509 4237 Venetias
525 4167 649 4233 reversi
674 4183 786 4231 sumus
808 4170 842 4232 in
863 4178 1008 4233 nostrum
1032 4168 1217 4250 hospitium.

1037 4269 1054 4325 'i
