2640 4792
14 409 224 473 astabant.
256 406 385 475 Videas
400 415 509 472 antem
529 405 629 472 Potor
649 404 832 472 Gordianus
853 409 974 476 mutis
996 405 1105 491 syon,
1123 404 1210 490 qnod

14 513 211 578 iseordia
237 513 293 578 illo
316 519 523 597 patronorum
542 514 836 597 peregrinationem
855 511 1040 596 impediret,
1074 519 1109 577 et
1129 510 1212 574 Ser·

14 637 179 684 aceruos
204 619 455 704 scandalizaret,
471 634 593 702 cosque
614 619 823 700 impatientes
844 616 1005 702 redderet,
1023 617 1212 685 convocatis

14 721 61 790 ‚d
96 743 144 787 se
178 723 427 788 notabilioribus
459 723 641 807 peregrinis
692 731 725 784 et
769 722 961 806 quibasdam
999 721 1145 806 pacificis
1172 738 1212 783 ao

14 831 176 894 naturis
202 828 413 914 Samosatis,
439 848 498 912 pro
519 825 721 910 pacificanda
749 825 810 890 lite
834 829 1011 892 laborabat
1049 826 1117 892 Sed
1136 831 1213 909 post

14 933 136 998 nulia
159 935 369 999 hortamenta
390 941 426 998 et
445 935 548 998 verba
564 936 567 944 '
586 952 652 1012 non
684 940 754 996 erat
785 935 830 996 ibi
860 953 928 996 vox
959 949 1066 1016 usqne
1093 947 1213 996 swsns

14 1039 256 1122 eoncordiae,
280 1047 314 1102 et
336 1047 412 1122 post
433 1038 552 1100 multas
572 1037 840 1101 interlocutiones
867 1036 1062 1101 videbantur
1086 1036 1215 1122 pattoni

14 1144 145 1226 magis
168 1145 332 1228 indurari,
354 1150 389 1206 et
406 1150 519 1206 eontra
540 1143 738 1207 seinvicem
761 1143 922 1206 commoti.
959 1143 1041 1206 'l'oto
1063 1159 1141 1226 ergo
1161 1139 1215 1206 die

13 1247 88 1310 illo
110 1247 158 1312 dc
180 1265 267 1331 pace
288 1249 473 1312 tractabant
500 1254 718 1329 patronorum.
761 1239 938 1310 Porro'alti
959 1248 1141 1330 peregrini,
1160 1247 1215 1332 qni

14 1355 244 1419 tractatibus
264 1353 330 1416 illie
351 1371 417 1416 non
435 1353 628 1436 intererant,
649 1353 787 1416 animosi
813 1360 847 1414 et
867 1350 1009 1417 audaces
1029 1353 1108 1418 iacti
1128 1360 1214 1434 sont,

15 1466 69 1520 et
93 1456 141 1520 da
163 1475 309 1524 aarum
323 1443 479 1535 'exierunt
508 1456 549 1521 ad
570 1457 647 1522 litus
675 1458 791 1542 moris,
824 1451 861 1521 et'
890 1455 930 1522 ad
953 1459 1070 1542 locum,
1093 1459 1131 1523 in
1149 1477 1213 1542 qao

20 1563 180 1634 stabant
211 1565 343 1628 minerii
371 1582 444 1628 eum
472 1564 593 1647 asinis,
628 1569 663 1626 et
690 1565 726 1626 in
753 1565 930 1630 exercitum
961 1565 1214 1634 Somaaeoorom

21 1669 245 1732 transierunt
264 1673 339 1732 sine
358 1671 487 1752 timore,
509 1678 541 1730 et
563 1671 713 1732 emebant
732 1687 752 1732 a
772 1669 981 1756 sarracenis,
1005 1678 1042 1734 et
1067 1689 1141 1737 cam
1163 1671 1214 1752 ais

27 1775 237 1838 societatem
264 1775 508 1842 contrahebant.
555 1775 628 1861 Ego
656 1776 753 1840 etiam
785 1793 859 1840 oum
891 1775 1084 1860 quibusdam
1112 1775 1214 1858 sociis

29 1895 101 1960 per
124 1878 408 1964 longamspatinnr
429 1879 576 1962 perlitus
597 1882 697 1944 maris
718 1877 873 1946 descendi
895 1881 937 1944 ad
964 1882 1088 1950 fontem
1108 1897 1214 1964 aquae

34 1984 162 2066 vivae,
196 1985 328 2048 fluentis
349 1985 391 2048 de
411 1984 513 2068 sono,
547 1993 581 2047 et
608 1985 652 2048 ibi
673 1985 813 2046 bibimus
834 1986 936 2066 gratis
966 1986 1007 2049 de
1029 2005 1114 2070 aqna
1144 1986 1210 2051 illa.
1303 1985 1305 1992 ⁴

14 2087 163 2150 ¹lldnltis
184 2091 271 2151 enim
291 2089 405 2154 diebus
426 2107 490 2152 non
522 2089 706 2179 biberamus
729 2107 847 2172 aquam
876 2091 940 2156 nisi
960 2099 1098 2174 argento
1119 2109 1212 2157 oam-

40 2202 197 2278 paratam
236 2203 268 2257 et
299 2202 450 2278 emptam.
493 2193 583 2258 Infra
609 2193 695 2257 hune
726 2195 849 2258 sontem
874 2203 943 2260 stat
967 2215 1033 2260 utta
1061 2197 1150 2280 rapis
1179 2195 1214 2256 in

14 2337 15 2374 ;
43 2301 142 2382 mari,
164 2297 206 2362 de
223 2298 382 2385 profundo
404 2316 442 2362 se
462 2317 562 2382 super
583 2316 699 2382 aquam
721 2299 860 2383 erigens,
878 2301 966 2364 cirea
988 2320 1084 2384 mam
1103 2301 1215 2367 dianam

14 2471 15 2482 χ
47 2403 89 2466 S.
110 2407 241 2466 Petrum
271 2405 464 2488 Apostolum
490 2407 650 2488 piscatum
686 2403 804 2486 brisso,
834 2411 869 2466 et
897 2403 1021 2469 addunt
1051 2404 1215 2490 simplices

46 2509 243 2590 scripturam
265 2518 299 2574 et
331 2511 537 2594 evangelium
554 2509 742 2592 ignorantes
748 2553 760 2592 ,
788 2509 875 2592 qnod
896 2509 941 2576 ibi
960 2510 1009 2574 sit
1029 2509 1139 2591 boas,
1159 2509 1215 2572 nbi

50 2615 209 2678 Dominus
229 2615 331 2679 Jesus
355 2618 462 2700 ipsum
483 2617 613 2680 Petrum
635 2625 667 2679 et
689 2615 821 2683 fratrem
852 2613 988 2697 ejusde
1010 2615 1092 2680 mari
1113 2632 1216 2680 voea-

56 2722 155 2805 verlt,
181 2721 311 2786 dicens:
348 2725 458 2786 venite
487 2728 563 2806 post
590 2740 643 2786 me
669 2729 733 2791 ete.
760 2722 847 2786 siem
874 2721 1012 2787 babetur
1035 2721 1213 2786 mma.

57 2835 93 2888 et
111 2828 290 2890 saeculares
322 2828 443 2890 milites
481 2831 515 2894 in
554 2829 627 2892 suis
665 2825 783 2892 libellis
831 2827 976 2891 scribunt
1013 2827 1069 2890 bic
1107 2825 1215 2901 omiti·

58 2931 157 3013 gissa.
202 2931 273 2996 Sed
302 2951 416 2996 verum
440 2951 506 2996 non
543 2941 609 3016 est,
637 2933 713 3018 qnia
744 2931 801 2995 illa
828 2934 957 2996 vocatio
995 2932 1215 3014 apostoloram

62 3035 147 3100 facta
165 3035 220 3098 tuit
239 3037 272 3098 in
294 3039 374 3100 mari
384 3036 540 3120 Galileae,
560 3055 622 3104 nce
643 3037 761 3120 legitur
782 3037 868 3120 qnod
889 3035 963 3114 (78
971 3037 1035 3119 Α).
1054 3036 1214 3103 nmmos

62 3139 157 3204 Jeots
176 3139 269 3205 fuerit
288 3145 553 3236 personaliterin
573 3145 694 3228 Joppe,
716 3143 793 3206 licet
817 3142 853 3206 S.
873 3142 992 3206 Petrus
1013 3143 1141 3226 legator
1156 3143 1215 3209 lna

67 3245 169 3308 inisse.
204 3247 317 3319 Actor.
337 3247 370 3310 9.
432 3249 508 3312 ldeo
551 3269 616 3314 non
659 3267 760 3334 nego,
801 3267 875 3315 enm
918 3247 972 3312 bie
997 3247 1082 3312 forte
1103 3249 1216 3327 msce-

69 3359 129 3412 tom
162 3351 268 3416 fnisse.
322 3353 517 3436 Reperimus
557 3358 656 3420 otiam
684 3356 718 3416 in
754 3356 853 3416 maris
893 3353 986 3419 litore
1016 3353 1216 3415 uncinarem

71 3455 290 3524 multitudinem
311 3457 353 3518 de
373 3459 468 3520 testis
486 3467 664 3522 ostrearum
687 3461 721 3522 in
742 3455 913 3540 multiplici
936 3461 971 3516 et
992 3454 1216 3537 ratramne,

72 3559 111 3622 de
131 3561 236 3643 qubus
269 3559 459 3642 collegimus
492 3579 569 3645 eas,
600 3581 684 3646 quaa
715 3559 809 3624 nobis
845 3559 951 3640 magis
989 3559 1145 3642 pulchrae
1181 3565 1215 3624 et

73 3665 215 3730 mirabiles
234 3664 435 3729 videbantur.
463 3663 588 3731 nodam
609 3665 662 3730 die
678 3663 808 3750 qnidam
827 3663 920 3728 mdes
942 3665 1018 3732 enit
1038 3683 1059 3728 a
1077 3665 1215 3750 quedam

75 3768 235 3854 Sarrapano
266 3767 405 3851 lapidos,
440 3785 523 3853 quos
554 3769 690 3834 venales
710 3769 824 3834 babuit
843 3769 878 3834 in
898 3769 1071 3855 spelunca,
1100 3771 1214 3855 prob.

77 3874 197 3956 ducatis,
215 3879 251 3936 et
268 3874 396 3956 putavit
416 3873 502 3958 qnod
524 3883 636 3940 essem
655 3875 820 3960 pretiosae
836 3891 994 3960 gemmae.
1028 3874 1119 3955 onos
1140 3877 1215 3943 dum

76 3979 135 4044 sois
152 3980 239 4044 sociis
260 3979 459 4066 ostenderet,
488 3981 656 4064 comperit,
682 3999 746 4046 non
767 3998 845 4046 ease
863 3997 1009 4066 getanae
1036 3999 1137 4048 veras
1157 3979 1217 4044 sed

80 4087 246 4170 sophisticos
267 4093 300 4149 et
331 4085 434 4151 salsas
454 4085 496 4150 de
516 4087 602 4152 vitro
630 4087 782 4152 celerato.
829 4085 1063 4170 lietaliteago
1097 4089 1216 4156 vitrum

82 4190 117 4254 od
141 4201 352 4276 mercatorem,
386 4201 419 4256 et
452 4209 564 4258 aarum
606 4209 700 4260 suum
741 4191 915 4262 rehabere
935 4192 1094 4274 cupiebat.
1147 4187 1218 4254 Sed

42 4382 44 4387 Δ
84 4305 214 4363 mereator
232 4295 289 4362 illc
316 4317 456 4384 nmquam
482 4315 545 4364 nec
572 4315 688 4364 aurum
710 4291 990 4376 redderenolui,
1017 4309 1079 4356 uec
1098 4291 1217 4356 vitrum
