2768 4780
690 177 755 244 sis

138 356 294 441 capellam
313 351 433 420 Graeci
453 357 488 418 in
506 355 634 424 Olliciie
654 358 837 442 pmvldent.
859 361 911 426 lix
926 377 1046 446 magna
1067 371 1175 426 autem
1188 367 1312 430 ratione

138 461 261 545 antiqui
282 465 394 542 patres
415 458 489 522 huic
509 465 717 526 sarrctissimo
738 464 858 547 templo
877 467 984 529 sancti
1005 465 1170 548 sepulchri
1192 467 1312 552 adjun-

138 572 255 633 xerunt
288 561 460 626 ecclesiam
491 562 526 626 S.
558 565 684 629 Mariae
712 567 937 652 Magdalenae.
992 567 1077 632 Nam
1100 589 1173 634 cnm
1198 591 1312 638 omines

137 670 277 755 apostoli
304 668 391 733 hunc
421 665 608 733 desererent
638 672 767 755 locum,
799 681 832 736 et
860 691 880 735 a
907 673 1081 756 sepulchro
1111 676 1312 763 recederent,

137 780 211 860 ipsa
228 773 336 838 illaria
366 770 563 856 Magdalena
602 776 673 838 sola
696 777 730 838 in
762 777 855 842 horto
883 779 1024 863 mansit,
1062 780 1260 844 circumiens
1281 791 1313 844 et

137 894 307 965 quaerens,
329 895 391 940 nec
411 879 528 940 alresse
549 887 673 961 poterat
694 882 771 945 huic
803 883 894 966 loco;
918 901 982 966 qua
1003 880 1177 946 sedulitate
1193 887 1313 949 meruit

136 985 190 1050 hle
211 985 332 1048 habere
351 983 534 1065 oratorium,
554 991 592 1045 ut
601 987 766 1068 perpetuis
791 987 988 1069 temporibus
1010 988 1064 1050 hic
1088 989 1310 1053 honoraretur.

136 1091 174 1154 ln
194 1091 256 1154 hac
276 1087 402 1172 capella
422 1086 520 1150 dictis
538 1091 748 1172 praescriptis
769 1092 966 1156 orationibus
1002 1099 1037 1154 et
1078 1095 1226 1177 acceptia
1256 1097 1310 1159 in·

139 1195 314 1280 dulgentiis
330 1193 392 1276 (†)
414 1195 609 1257 recessimus
630 1195 672 1257 ad
695 1193 767 1257 alia.

245 1443 383 1535 hocne,
407 1441 444 1518 in
471 1461 541 1546 qno
564 1438 713 1522 volebat
737 1437 923 1518 Abraham
948 1445 1081 1522 offerre
1103 1439 1213 1522 filium

611 1588 714 1640 suum
738 1563 855 1640 Isaac

221 1742 368 1823 Quatuor
398 1743 543 1830 capellae
564 1744 731 1828 praefatae
762 1751 850 1806 stant
880 1761 939 1826 per
977 1745 1145 1808 circuitum
1179 1745 1309 1829 plateae

138 1847 193 1912 vel
215 1849 288 1913 atrii
310 1851 421 1936 templi
439 1851 543 1914 sancti
562 1848 735 1932 sepulchri,
757 1855 790 1910 et
812 1847 853 1910 de
874 1850 956 1912 atrio
988 1850 1060 1912 sine
1082 1867 1224 1913 ascensu
1253 1849 1308 1914 vel

135 1953 297 2018 descensu
319 1965 371 2018 est
393 1956 541 2019 introitus
557 1957 590 2019 in
611 1973 679 2036 eas,
702 1955 819 2036 quibus
840 1954 1005 2037 visitatis,
1034 1963 1070 2016 ut
1101 1951 1221 2016 dictum
1246 1965 1309 2040 est,

134 2062 326 2124 retraximus
348 2079 409 2123 nos
425 2061 467 2124 ad
488 2060 635 2123 dextrum
656 2058 742 2120 latus
764 2058 847 2142 atrii,
870 2059 967 2121 stibi
988 2078 1166 2141 perunum
1189 2060 1309 2123 ostium

134 2163 275 2245 hogressi
292 2183 351 2247 per
372 2168 544 2229 obscurum
567 2165 734 2228 transitum
756 2163 875 2226 ivimus
892 2163 926 2226 in
942 2165 1110 2227 veteribus
1134 2167 1308 2228 structuris

134 2269 190 2351 ita,
212 2269 297 2352 quod
320 2271 451 2354 penitus
471 2269 516 2332 nil
537 2270 650 2333 videre
670 2276 865 2351 poteramus,
888 2287 929 2330 ex
953 2288 993 2331 eo
1014 2268 1102 2353 quod
1123 2268 1214 2332 locus
1238 2277 1310 2332 erat

133 2373 300 2458 obscurus,
323 2385 355 2438 et
376 2393 435 2439 nos
458 2383 605 2438 recenter
626 2371 667 2435 de
687 2373 916 2456 splendoribus
943 2371 1021 2436 solis
1041 2375 1074 2436 in
1096 2373 1201 2437 locum
1223 2373 1309 2437 cali-

133 2480 282 2562 ginosum
300 2481 440 2565 ingressi
462 2477 634 2544 ineramus.
678 2483 716 2543 ln
738 2481 802 2542 ista
830 2477 969 2562 caligine
997 2480 1215 2563 processimus
1248 2497 1308 2563 per

133 2583 256 2669 aliquot
287 2601 421 2670 passus,
454 2594 487 2648 et
519 2588 669 2650 venimus
702 2585 743 2648 ad
775 2583 896 2668 gradus
930 2582 1099 2668 lapideos,
1132 2602 1190 2666 per
1223 2601 1307 2668 qnos

134 2706 262 2754 sursum
285 2689 509 2776 ascendimus,
532 2701 565 2754 et
593 2691 719 2777 aliquos
751 2689 887 2754 cellulas
912 2689 957 2752 ihi
978 2689 1156 2773 reperimus
1186 2695 1219 2751 et
1247 2707 1307 2752 ca-

134 2795 286 2879 merulas,
307 2797 341 2857 in
363 2795 618 2881 quibusquidam
631 2796 741 2858 miseri
754 2793 931 2858 Christiani
955 2794 1128 2857 orientales
1150 2793 1306 2878 habitant,

135 2897 177 2960 ad
198 2916 280 2982 quas
301 2899 520 2985 pulsavimus,
553 2910 586 2964 et
618 2919 682 2964 uon
716 2899 780 2964 nisi
807 2918 904 2963 unam
934 2898 1097 2963 servulum
1126 2907 1159 2961 et
1180 2900 1307 2982 nigram

134 3002 278 3066 vetulam
300 3005 344 3068 ibi
365 3005 557 3090 invenimus,
580 3025 673 3092 quae,
695 3016 731 3070 ut
754 3024 816 3070 nos
841 3003 934 3089 vidit,
957 3004 1115 3068 reseravit
1137 3004 1306 3089 capellam,

133 3116 264 3192 propter
285 3125 380 3190 quam
402 3110 662 3175 ascenderamus.
705 3111 767 3175 Est
786 3111 870 3174 enirn
893 3109 1021 3195 capella
1041 3107 1191 3195 pulchra,
1212 3109 1307 3173 varic

134 3220 168 3277 et
190 3211 288 3299 polito
321 3233 477 3280 marmore
504 3222 624 3301 strata,
652 3235 752 3302 super
778 3224 919 3280 montem
942 3214 1116 3280 calvariae
1150 3212 1236 3298 sita,
1263 3213 1306 3276 ad

133 3317 219 3382 latus
241 3320 346 3385 crucis
367 3323 466 3406 rupis,
490 3331 581 3385 extra
602 3330 710 3384 tamenn
731 3319 889 3384 ecclesiae
910 3330 1015 3403 septa.
1062 3319 1156 3382 Haec
1178 3317 1305 3402 capella

135 3423 251 3489 dicitur
275 3427 310 3488 in
337 3445 377 3490 eo
408 3426 478 3491 loco
512 3436 712 3510 constructa,
740 3429 776 3489 in
797 3443 861 3511 quo
883 3425 1044 3490 Abraham
1068 3445 1109 3488 ex
1130 3434 1304 3509 praecepto

133 3529 263 3592 Domini
273 3531 404 3595 volebat
424 3534 590 3597 immolare
611 3532 712 3595 filium
750 3549 844 3595 suum
866 3533 976 3615 lsaac,
994 3530 1089 3614 juxta
1110 3533 1303 3594 sententiam

133 3633 362 3702 catholicomm
384 3635 558 3721 doctorum,
579 3629 749 3720 Jaron'ymi
770 3646 803 3699 et
824 3637 1017 3720 Augustini,
1039 3646 1072 3699 et
1100 3637 1197 3699 etiam
1218 3635 1303 3698 llahi

133 3736 340 3804 ludaeorum.
383 3741 451 3805 Alii
472 3750 579 3805 tamen
601 3742 711 3806 dicere
729 3741 853 3823 volunt,
876 3741 962 3827 quod
982 3742 1136 3806 inmonte
1152 3739 1240 3826 Soyr
1248 3739 1303 3804 vel

134 3841 292 3908 Sardenai
312 3865 413 3930 prope
433 3847 629 3910 Damascum
649 3849 695 3909 sit
725 3847 853 3911 factum.
897 3846 1027 3910 caeteri
1058 3847 1184 3932 dicunt,
1217 3845 1302 3931 quod

79 3943 86 3954 '
133 3948 166 4009 in
187 3955 297 4012 monte
317 3949 432 4035 Maria,
454 3951 488 4013 in
509 3968 573 4035 qno
591 3949 745 4015 Salomon
766 3959 843 4037 post
864 3971 905 4016 ea
933 3953 1087 4036 templum
1110 3954 1302 4035 construxit,

131 4053 176 4116 sit
203 4053 335 4118 iactum.
385 4053 454 4118 Sed
481 4064 625 4120 nostrum
656 4055 777 4121 dictum
809 4059 913 4144 magis
942 4067 996 4122 ast
1020 4059 1237 4142 catholicum,
1267 4067 1302 4122 et

132 4159 247 4222 nuoni
271 4175 467 4240 consenum,
500 4169 536 4225 ut
557 4160 662 4247 figura
683 4172 718 4228 et
735 4163 880 4249 veritas,
909 4164 1005 4228 etiam
1037 4164 1145 4249 quoad
1183 4165 1301 4248 locum,

132 4263 388 4344 contrenisutiam
409 4266 574 4332 haherent.
597 4265 694 4354 Quia,
715 4270 800 4333 sicut
817 4270 982 4337 Abraham
1005 4271 1133 4356 proprio
1152 4287 1215 4335 suc
1236 4270 1301 4336 lilia
